1296 1636
294 403 892 479 Wir alte und iunge leute, in der Dagebertsburg, leben ganz stille,
309 455 877 525 ruhig, und was dem lieben Gott am meisten zu verdanken ist,
311 491 882 570 gesund und zufrieden. was die täglich naerrischer werdenden
309 537 886 625 welthändel anbetrift, so kann und muss ich sagen: oblites
320 589 655 651 eorum, obliviscndus et illis!
382 630 872 709 Leben Sie wol! herzlich von uns allen gegrüßet
328 670 560 728 und gott befolen! von
563 703 645 763 Irem
655 730 877 829 Joseph von Laszberg.
