1296 1636
270 293 332 376 138.
475 355 890 420 Auf der alten Meersburg am 2. August. 1842.
331 404 641 475 Vererter Herr und Freund!
297 487 893 559 Hier folgt ein kleines specimen meiner alten tätigkeit. "nemen
305 535 884 610 Sie es mit nachsicht auf!" ist eine so verbrauchte redensart, daß
315 598 886 646 ich mich schaemen würde sie hier anzuwenden: nein, nemen Sie es nicht mit
316 623 874 694 nachsieht auf! und sagen Sie mir lieber, was Inen
318 668 624 726 daran und darinne missfaellt!
314 707 875 769 Ich danke Inen auch, dass Sie die güte hatten, unsere grüsse bei H.
312 745 865 813 Burkhard Iselin auszurichten: moechte ich Inen auch danken
310 792 883 846 koennen für gute nachrichten, die Sie uns von Irem und der Irigen
312 839 885 923 befinden geben sollten! - gehet es unsern wünschen nach;
318 868 586 928 so muss dasselbe ser gut sein.
314 909 868 997 Über die so langwierige belagerung und zerstoerung der burg zu
312 943 871 1030 Hohenzollern hat keiner unserer schwaebischen geschichtschreiber einen ver¬
308 987 894 1080 ständlichen bericht verlassen; ich dachte also, es moechte angenem sein
323 1041 842 1118 etwas naeheres darüber zu hoeren. hat das gedicht auch keinen
316 1083 878 1160 poetischen wert; so hat es doch gewiss einen sprachlichen; denn die
316 1123 878 1189 teutsche literatur des zeitraumes von 1400-1450. ist doch wirklich
315 1162 889 1243 arm an mustern. Die lieder der beiden Hohenstaufen sind
318 1215 861 1288 auch nicht zu verachten, und Kleinheinzens gedicht ist ein
321 1249 897 1334 tüchtiges gegenstük zu den beiden S. Johannsen, und das ge¬
