1296 1636
367 395 962 467 dieht des Franzosen ist um kein haar toller, als die neueste
369 457 929 524 Berliner Religionsphilosophie; aber doch noch tolle genug.
375 504 970 555 Neues genug in der Theotisca! 2 neue übersezzungen des Nibelungen
389 545 973 606 liedes, von Marbach die eine, von Pfizer die andere, welche beide die
375 596 966 645 suppe nicht fett machen werden: eine dritte, von dem ehemaligen
383 620 979 693 Professor Follen in Zürich, soll, wie ich hoere, auch nächstens erscheinen.
395 667 940 730 alles dieses manet mich an die vielen übersezzungen von Virgils
401 710 972 765 Aeneis, die in meiner iugendzeit herauskamen; was waren sie?
401 754 973 800 bei dem barte Friderichs des I.! sie sind und waren nicht Virgilisch!
399 791 964 850 Franz Pfeiffer von Solothurn sizzet in Stuttgart und laesst da
394 832 950 898 seinen Barlaam und Josaphat druken: das wird ein gut stük
399 865 948 924 arbeit werden. hernach will er an den Wilhelm von Orlienz
401 921 972 964 gehen und nach und nach den ganzen Rudolf von Ems heraus¬
409 941 970 991 geben. Cotta in Stuttgart will eine ganze reihe mittelhoch
403 968 943 1019 teutscher dichter herausgeben; ich hoffe doch: inedita. Prof.
400 1009 972 1078 Albert Schott, früher in Zürich, nun in Stuttgart, soll eine
401 1047 968 1126 einleitung dazu schreiben, und war deshalb 4 wochen bei mir,
398 1080 960 1160 in meinem büchersaale arbeitend. da er mir den plan seines
391 1120 974 1198 werkes nicht mitgeteilt hat; so weiss ich nicht von was für an¬
392 1157 977 1246 sichten er dabei ausgehen wird. Uhland ist eben nach Schweden
390 1207 978 1287 abgereiset); so liegt denn sein werk über das teutsche volkslied wieder,
390 1254 885 1350 gott weiss auf wie lange, hinter dem ofen.
