2595 2210
147 118 1259 256 lassen, und bin kaum zur Hälfte damit fertig. Was er doch von der
153 212 1259 324 Frau des gelehrten Fritz Jakob vom Anwyl schreibt! Tom. I. p.
153 286 1287 384 31. heißt es: Uxor Jacobi Fritz von Anwyl tum cum libros biblio¬
156 365 1239 462 pola adfert: "supersunt aegrotanti podagra" vel immensum
151 449 1292 538 pretium dicit poscere, ne emat. Si vir sciret, contunderetur.
158 503 1242 637 Liest man dieß nicht auch im Gedichte der herrischen Frau auf
169 582 600 707 Ihrer gemahlten Scheibe.
166 696 1295 826 Herr Dekan Däniker wünscht Ihnen guten Empfang der Morgen¬
166 754 1281 861 blätter, die Sie mit Muße durchgehen können. Die frühern Jahr¬
172 836 1282 958 gänge hat er nicht mehr. Mit der Abfassung des Thurg. Neujahr¬
157 922 1276 1042 stücks bitte ich, Nachsicht zu tragen. Das Schafhausersche werden
158 1002 1281 1134 Sie wohl bereits bekommen haben: aber Herr Pfr. Kirchhofer lobt
156 1083 802 1215 die Empfänglichkeit dafür nicht sehr.
158 1196 1276 1326 Wir haben am Neujahr-Abend auf dem Schlosse ein Abendessen
172 1273 1278 1406 welchem Herr Oberamtmann und Herr Dekan Däniker mit ihren
166 1374 1281 1490 Frauen beiwohnen werden; wir werde auch Punsch anfertigen,
174 1448 1278 1570 und den jungen Leuten und den Laien Gelegenheit zum Tanz
169 1532 1247 1647 verschaffenen. Wollen Sie nicht auch dabey seyn? Am Tage des
161 1615 1195 1737 heil. Bertholdus, der im Kalender freylich nach dem unschuldigen
166 1685 1259 1813 Schäfer Abel den Ehrenplatz läßt, spreche ich um ein Süppchen
161 1763 1279 1906 in Eppishausen ein: da werden Sie doch wohl nicht ausweichen?
1362 124 2483 262 Und nun Gott befohlen, das Alte Jahr! Das Neue bringe Ihnen
1349 199 2457 336 recht viele Antiquitäten in's Haus, und nehme Ihnen keines der
1348 282 2514 430 Güter, die Sie bereits besitzen. Mir erhalte es Ihr freundschaftliches
1343 366 2451 516 Wohlwollen und das Vergnügen, recht oft bey Ihnen zu sein.
1351 451 2153 582 Leben Sie wohl, wie es von Herzen wünscht.
1980 598 2086 661 Ihr
2073 683 2412 861 Dias. Pupitofer
1365 595 1854 731 Bischofzell den 30. Dec. 1828.
