2589 2207
1526 326 2224 466 Mein verehrtester Herr und Nachbar!
1392 515 2436 677 Wie übel es doch Ihrem Schneehuhn ergangen ist! Wohl war
1400 622 2475 756 in der Todesstunde demselben kein geringer Trost die Hoffnung,
1404 702 2499 830 von einem sachverständigen Gaumen der Feinheit und Schmack¬
1409 782 2436 897 haftigkeit gerühmt zu werden und somit wenigstens einen
1420 875 2497 992 Schatten des Nachruhms einzuernten. Wie schmeichelhaft mochte
1423 951 2489 1084 die Aussicht seyn, in der Zelle des heiligen Eppo zum Opfer
1423 1037 2465 1151 zu dienen, und von einem so hocherfahrenen des edlen
1420 1110 2522 1251 Weidwerks durch und durch kundigen Jäger gespeißt zu werden.
1426 1199 2504 1313 Nun kommt es einem armen Chorsänger in die Hände, der nichts
1430 1267 2507 1390 anders als Erdäpfel und Kalbsbraten zu beurtheilen versteht
1423 1344 2489 1480 und alle Hoffnung auf eine auch nur augenblickliche Berühmtheit
1436 1420 2514 1536 ist verschwunden. Was wird die gute Frau Doctorin dazu sagen?
1430 1508 2474 1602 Unser einer denkt dabey an die Brosamen, die von des Reichen
1444 1580 2041 1698 Tische fielen und dankt gar schön.
1444 1655 2469 1805 Aber selbst im Alten Jahre nochmals zu Ihnen zu kommen
1448 1754 2463 1872 will mir nicht gelingen; ich sollte die comentationes fatales
1441 1817 2449 1948 des edelen Mannes Rütiner in einigen Tagen zurück gehen
