1296 1636
391 357 965 425 auch hier, in der alten Meersburg, wehet auf unserem felsen milde und
389 409 964 475 reine luft, und ich alter knabe selbst füle mich seit meinem hiersein
378 454 998 534 viel woler, dann zuvor; aber iezt hieher zu kommen dürfte ich Inen beiden
378 506 992 563 nicht raten, indem am 3ten dieses meine frau samt den kindern ins Pumper¬
370 562 984 639 nikel land verreiset ist und vor ende Septembers nicht heimkommen wird;
362 608 977 695 ich aber bin daheim geblieben, als ein getreuer burgvogt, das haus zu hüten.
359 677 1006 751 aus Koeln, das sie am 9tn verliessen, habe ich nachricht von meinen lieben reisenden,
367 718 999 796 alle, alt und iung, waren gesund und munter geblieben. Gott helfe inen weiter.
362 780 986 855 Herr Burkhard Iselin und seine frau sind biedere leute, wir wurden, im bade
361 806 1000 907 der alten Yburinga, recht dike bekannte und trennten uns ungern. wo moegen sie
362 868 644 937 iezt sein? es soll inen wol gehen!
354 917 997 987 Was in Basel bei der iubelfeier der buchdruker erschienen ist, habe ich als gastgeschenk
358 975 988 1045 von herrn Professor de Wette erhalten und meine frau ein halbduzend schoener aurikel¬
356 1029 982 1098 pflanzen dazu. Das buch, oder besser zu sagen, das büchlein, das ich eben druken
359 1079 990 1150 lasse, begreift nur wenige bogen, und enthaltet einige gedichte aus dem anfange des XV.
359 1126 961 1209 iarhunderts, wovon das eine: 460 verse, die belagerung und zerstoerung der burg
355 1192 960 1259 Hohenzollern, enthaltend, auch historischen wert hat. der dichter ist ein noch
362 1242 992 1315 unbekannter: Conrad Silberdrat, one zweifel aus Rotweil. es kommen auch von
