1296 1636
250 321 897 385 einem andern gleichzeitigen Schwaben: Conrad Oettinger einige gedichte darein. mich
250 366 907 446 daucht, aus dem anfange des XV iarhunderts seien noch nicht genug gedichte bekannt, um den gang
258 421 906 516 und verfall der sprache vollständig und ununterbrochen daraus verfolgen zu koennen, und
266 469 887 558 sie müssen doch auch heraus. einander mal was anderes und dann auch mereres.
269 513 912 609 An den Weingarter Codex: kann ich iezt nicht gehen, es gehoert eine lange und ganz ruhige
263 566 914 657 zeit dazu, um mich dieser arbeit mit voller besinnung und one unterbrechung hingeben
262 619 899 736 zu koennen. ein altes liederbuch ist mir zugekommen, aus der zweiten hälfte des XVI.
260 659 891 784 iarhunderts. es sind lauter autographa. darunter 6 lieder von der hand eines Eberwin Droste
262 720 888 824 1579. der derselben geschlechtslinie der Drosten angehoerte wie meine frau. er
265 769 910 871 möchte sie wol selbst gemacht haben, wie ich auch von den übrigen vermute, welche von
259 827 852 941 zerschiedenen händen sind und warscheinlich auch von zerschiedenen verfassern.
276 895 886 1026 vielleicht lasse ich sie auch noch hinzudruken. und nun, gott befolen!
284 940 593 1040 mit weib und kind! von
558 1012 627 1070 Irem
636 1048 750 1116 JvLassberg.
291 1103 876 1197 Sollten Sie Burkhard-Iselin, oder seine frau sehen; so richten Sie
289 1152 595 1257 doch von mir recht herzliche grüsse aus.
