1296 1636
218 252 278 316 204
472 240 882 352 Auf der alten Meersburg am 13 August. 1841.
286 318 522 391 Vererter herr und freund!
244 400 910 476 Ist es möglich, dass Sie der einzige unter meinen freunden sind, der kein exemplar
261 449 912 532 meines Liedersaales besizt! ich muss gestehen dass ich, ungeachtet meiner 72 iare,
261 502 905 569 eine gewisse wärme auf meinen wangen aufsteigen fülte, als ich an die stelle
252 540 902 614 Ires briefes kam, die mir diese unterlassung kund giebt; aber ich danke Inen doch
260 586 824 678 von herzen, dass Sie mich an diese freundschaftsschuld erinnert haben.
262 636 888 722 hier folgen inzwischen der I. und der III. band, die einzigen, die ich noch vorrätig
260 688 895 780 habe, alles andere liegt in dem grossen vierekigten thurme des königs Dagobert,
256 740 908 828 zwar nicht in einem verliese, aber noch, vom umzuge her, in grosser unordnung,
251 782 894 873 so dass ich die feienden baende erst noch heraussuchen muss; ich hoffe aber, Sie
244 837 514 898 sollen nicht lange darauf warten.
258 881 881 978 als man mir diesen morgen Iren brief übers bette brachte und ich die bekannten
242 931 897 1028 züge der überschrift erblikte, erschrak ich über das schwarze siegel und den graeu¬
254 986 866 1088 lichen Basilisken, fürchtend, es möchte ein unfall Ir haus betroffen haben.
257 1037 899 1149 Gottlob! dass es nun nicht so ist; aber die nachrichten, welche Sie mir von Irer lieben
257 1097 898 1200 frau und Irem eigenen befinden geben, sind eben auch nicht ser triöstlich und tun
262 1145 899 1253 mir leide genug. moege denn der genuss der reinen bergluft im Jura brust und
263 1221 901 1324 nerven stärken und Sie im herbste wieder hergestellt in die alte Basilea zurükkeren!
