1182 1506
840 535 994 584 Basel 26. Febr. 35.
340 532 567 597 Hochverehrter Herr Baron,
251 722 938 801 lediglich durch meine Schuld bin ich so ganz ohne Nachricht über Sie, ob und wie lange
251 787 952 829 Sie schon zurück sind von Ihrem iter germanicum, wie es Ihnen während und nach der¬
248 838 956 893 selben ergangen ist u.s.f., dass ich nun, wo ich Ihnen so viele Bücher die Ihren gehören
247 894 948 936 und eins dazu das Ihnen gehören soll, mein altdeutsches Lesebuch nämlich, zu schicken
251 939 964 987 habe, mich erst zuvor erkundigen muss ob die ganze Sendung Sie auch bei Hause treffen
257 982 952 1046 werde. Und von Lachmann und Hoffmann habe ich mehreres für Sie liegen, das bloß
251 1033 948 1093 auf Ihre Antwort und diese Gelgenheit wartet. Ganz fertig ist das Lesebuch (gegen
257 1073 963 1123 900. Spalten) freylich noch nicht: die Vorrede ist noch im Satz, aber es schien mir endlich
250 1123 965 1175 doch Zeit anzufragen. Erfreuen Sie mich, verehrtester Herr und Gönner, bald mit einem
261 1174 977 1231 gütigen Bescheide; ich hoffe zu vernehmen, daß es Ihnen wohl gehe und wohl gegangen
665 1224 1040 1284 Mit aufrichtiger Hochachtung und Ergebenheit
834 1353 1013 1400 Wil. Wackernagel
887 1389 1012 1439 S. Johann 31.
