1216 1541
815 128 1086 173 Lostorf zwischen Arau u. Olten
888 158 969 207 21/7/38.
369 348 628 404 Hochverehrter Herr Baron!
231 476 961 520 Mit aufrichtig herzlicher Theilnahme habe ich den Trauer fall vernommen der Sie
232 523 954 582 und Ihr Haus betroffen hat; die Wissenschaft wird ihn auch zu beklagen haben.
232 558 973 627 Möge der Herr Sie stärken, und Ihnen zum Trost und Ersatz Ihre lieblichen Zwillinge
233 603 533 674 desto kräftiger gedeihen lassen.
231 672 929 732 ich habe Ihren Brief hieher gesendet erhalten, nach Lostorf, einem freundlichen
233 724 978 772 Badeorte, den ich meiner Gesundheit wegen für einige Ferienwochen habe beziehen
233 762 986 833 müssen. Diess der Grund weshalb ich Ihrem Befehle die geliehenen Bücher zurück¬
235 818 974 869 zusenden unmöglich sogleich Folge leisten kann; es soll aber geschehen so wie ich
231 868 967 929 wieder in Basel bin, damit Sie nicht in dem Verdachte bestärkt werden, ich
230 913 973 981 wollte Ihre Güte missbrauchen. Denn zu meiner Betrübniss hegen Sie, glaube
231 969 991 1034 ich, diesen Verdacht. ich hatte Sie auf Ihre frühere Anmahnung ergebenst
233 1024 1009 1084 gebeten mir jene Bücher noch einige Zeit lassen zu wollen, damit ich dieselben wirklich
223 1068 973 1137 auch brauchen könnte. Recht geschehen ist das noch nicht, da die Stücke vom Gr. v.
225 1131 977 1192 Montfort und von Niclas v. Wyle noch nicht gedruckt und noch nicht nach Ihren
227 1171 998 1249 Originalexemplaren corrigiert sind. Indessen will ich diesen kleineren Verlust gern
227 1233 905 1301 verschmerzen um einem grössern zu entgehn, dem Verlust Ihres Wohlwollens.
226 1281 1047 1338 Unter gehorsamsten Empfehlungen an Ihre gnaedige Frau Gemahlinn habe ich die Ehre zu seyn
712 1318 906 1379 Eu. Hochwohlgeboren
746 1365 900 1416 ergebenster Diener
782 1401 1025 1472 gez. Wilh. Wackernagel Dr. Prof.
