1296 1636
338 280 852 395 Hochgeehrter Herr Baron,
235 482 1139 553 diese wenigen Zeilen sollen Sie nur benachrichtigen, dass
217 546 1165 601 ich in der künftigen Woche (wahrscheinlich schon am Dienstag)
223 595 1149 669 von Ihrer gütigen Erlaubniss Gebrauch zu machen und bei
232 641 1153 717 Ihnen „in gastes wise" einzusprechen gedenke. ich mache
229 692 1153 768 Ihnen diese Anzeige so spät, weil ich bis auf den heutigen
229 736 1159 794 Tag fürchten muste, die Nachwehen einer unwillkomme¬
232 786 1123 860 nen Krankheit, die mich sechs Wochen lang ans Haus
240 832 1127 889 und ans Bett gefesselt hat, würden mir jede, selbst die
240 875 1119 946 kleinste Hochzeitreise unmöglich machen. Der liebe
233 931 1133 989 Gott hat mir aber darüber weggeholfen, so dass mir nun
240 966 1143 1029 auch die Freude nicht entgehen wird, in diesen meinen
237 1014 775 1087 schönsten Tagen Sie zu besuchen.
254 1060 1156 1121 Meine Braut und mich selbst Ihrem und Ihrer verehr¬
234 1110 1161 1193 ten Frau Gemahlinn geneigtem Wohlwollen angelegent¬
237 1155 1117 1216 lich empfehlend, bin ich in Erwartung eines heitern
240 1206 437 1269 Wiedersehens
722 1250 1060 1314 Ihr ganz ergebener
650 1293 1081 1376 gez: Wilh. Wackernagel Dr.
580 1344 1169 1425 (bei Prof. Bluntschli zum Steinböckli)
156 1341 411 1416 Zürich 11/10/37.
