3072 4080
265 66 883 286 Wackernagel
2044 166 2570 356 Basel 13. Oct. 40.
894 554 1683 758 Hochgeehrter Herr Baron!
644 898 2373 1109 Beiliegendes Büchlein von unserm lieben Wilh. Grimm, das
658 1109 2384 1270 ich beauftragt bin Ihnen zu übersenden, verschafft mir
676 1318 2480 1500 nach langer Unterbrechung wieder einmal die angenehme
703 1454 2362 1652 Gelegenheit Ihnen zu schreiben, Sie zu fragen wie
708 1686 2350 1854 es Ihnen und den Ihrigen gehe, zu wünschen daß es
710 1808 2416 2026 wohl gehn moege; wohl wie meinem lieben Weibe und
719 2028 2403 2210 meinem nun zweyjährigen Gewaltsbuben, beßer als
719 2207 2434 2382 mir, der ich wieder sehr von Unwohlseyn darnieder¬
719 2378 2471 2577 gedrückt bin. Da rücken auch alle Arbeiten uner¬
737 2600 2416 2770 quicklich langsam vorwärts: der Druck des Glossars
719 2784 2434 2961 zum Lesebuch hat endlich erst dieser Tage beginnen
719 2933 2536 3203 können, inzwischen wird auch vom dritten (prosaischen)
715 3144 2112 3346 Theil ein Bogen nach dem andern gesetzt.
726 3337 2464 3530 Mit einem wahren Heimweh schaue ich in die Zeiten
735 3487 2416 3777 zurück, da ich noch studierte ohne ans Drucken
2242 3653 2357 3832 zu
