3072 4080
667 915 2475 1124 zu denken und denken zu müssen, da ich noch keinen Buch¬
686 1117 2401 1305 händlern, ich möchte sagen meine Seele verkauft hatte.
679 1298 2510 1483 Und Sie möchte ich, wenn ich Sie nicht so liebte und ver¬
698 1483 2440 1676 ehrte, um die Behaglichkeit Ihrer tusculanischen Muße
700 1678 1031 1817 beneiden.
695 1831 2447 2025 Inzwischen hoffe ich zu Gott, er werde mir noch über alles
730 2044 1226 2236 hinweg helfen.
700 2190 2568 2406 Indem ich mich in Ihr und Ihrer verehrten Frau Gemahlinn
718 2378 2563 2600 Wohlwollen bestens empfehle, mich sammt Weib und Kind,
716 2600 1010 2774 bin ich
1462 2723 2322 2932 Ihr verehrend ergebener
1710 2969 2464 3284 Wilh. Wackernagel Dr.
