1296 1636
428 804 931 848 Bad Ueberlingen am 9ten July. 1841.
146 813 393 889 Werter Herr und Freund!
164 885 1066 959 Ich kann unsere tischnachbaren Herren Burkhard-Iselin und seine frau nicht nach Basel zurükreisen
166 957 1059 1014 lassen, one inen einen eben so freundlichen als herzlichen gruß an Sie und die Irigen mitzugeben.
172 1001 1063 1047 allzulange schon /: die dinte ist ganz abscheulich und das papier nicht weniger schlecht:/ blieben
172 1033 1053 1098 meine briefe unbeantwortet, und doch verlangt uns ser zu wissen, wie es Inen und Irem hause
178 1072 1073 1145 ergehet? mein exemplar des Lesebuches ist noch immr one vorrede und nachrede und seitdeme
174 1122 1080 1185 haben Sie gewiss auch schon anderes zu tage gefördert. Auch ich werde Inen nächstens etwas schiken,
178 1159 1072 1244 zwar nicht aus der guten zeit; aber es wäre für Schwaben doch schade, wenn es unbekannt bliebe.
183 1196 1067 1282 Ich erhalte eben den 3ten correctur bogen; ich hoffe Sie sollen es gerne lesen; denn auch für die sprache
183 1243 1053 1320 des anfangenden XV. Jarhunderts in Schwaben ist es merkwürdig. Leben Sie wol! gott behüte Inen
187 1287 1094 1369 weib und kind, welche ich und Jenny von herzen grüssen. Joseph der alte Laßbergaere.
