1770 2598
731 108 1120 218 erhalten am 6 April.
1257 122 1503 256 Basel 2/4/24
645 381 1092 494 Hochverehrter Herr Baron,
334 824 1478 905 vorgestern, am zweiten Ostertage, habe ich zu meiner grossen Freude Ihren
336 888 1536 1013 werthen Brief sammt Beilagen erhalten: schon vorgestern, aber erst heute
329 977 1534 1112 komme ich dazu Ihnen, wie Sie befohlen, den richtigen Empfang anzu¬
336 1087 1551 1184 zeigen: ich hatte diese Tage Besuch hier, der mich daran hinderte, Froelich
325 1175 1503 1297 aus Arau. Ihre grosse und schnelle Gefälligkeit verpflichtet mich
337 1275 1572 1417 zum innigsten Dank: noch mehr die Güte mit der Sie das Unternehmen
331 1396 1519 1512 billigen und mir sogar dazu und weitere Unterstützung verheissen.
336 1475 1550 1595 ich weiss nicht ob Sie aus dem was man schreibt errathen können was
336 1558 1542 1663 man gerne noch geschrieben hätte; aber es scheint so: denn in der Tat
328 1661 1528 1773 hätte ich die gern um Mittheilungen aus Ihren anecdotis ersucht,
334 1768 1528 1840 konnte mir aber nicht das Herz dazu faßen. Um so freudiger über¬
329 1843 1562 1961 raschen mich nun Ihre zuvorkommenden Anerbietungen. Was sagt
323 1956 1537 2072 dorch Hartmann von der Milde u. Güte der Schwaben? Es ist viel
336 2057 1567 2177 gewagt daß ich es annehme, aber ich nehme es an, u. mit Begierde sehe
328 2137 1550 2275 ich nun einigen Strophen aus Ulrich v. Lichtenstein einigen Liedern aus
329 2226 1588 2359 der Sammlung der Häßlerin, u. was Sie mir sonst noch wollen zukommen
1457 2319 1581 2452 lassen
