1770 2598
295 299 1531 420 lassen, entgegen. Schade dass vielleicht grade das Schoenste aus dem Frauen¬
293 388 1340 525 dienst weniger in ein auch für Schulen bestimmtes Buch passt.
301 500 940 592 Wie erfreut mich Ihre grosse Güte!
301 589 1556 700 Ein schoener Erwerb, auch zum Besten der Sammlung, ist mir kürzlich
306 665 1564 743 zu Zürich in der Füsslinschen Auction geglückt, nämlich eine bisher un¬
299 748 1560 865 bekannte Ausgabe vom Pfarrherren von Kalenberg, Frankf. a/M. 1550. 8°.
298 842 1537 942 Eine ältere ist noch nicht nachgewiesen; man erfährt aus ihr auch den
299 914 1584 1028 Namen des Vf., der in den andern Edit: fehlt, Philipo Franckfurdter.
306 993 1582 1113 Freylich habe ich auch diess Büchlein u. Fischarts Nachtraben (beide zusammen¬
301 1089 1119 1214 gebunden) mit f. 6 ß 16 zahlen müssen.
307 1171 1537 1295 Ihnen aber wünsche ich Glück zu dem ehrwürdigen Karolinger. Enthält er
299 1265 773 1369 nicht auch deutsche Sachen?
309 1321 1531 1432 Ob ich nach Bern gehen möchte? Sehr gern, falls ein Professor ungehudelt
304 1396 1537 1534 bleiben kann von dem politischen Treiben ich sässe da an der reichen
311 1516 1512 1590 Quelle einer schoenen Bibliothek und mein hiesiges Einkommen ist
306 1576 1504 1705 doch gar zu schmal. Wollen Sie mich also auch in dieser Beziehung
309 1652 1568 1781 Ihre freundliche Theilnahme erfahren lassen, so kann es mir nur will¬
307 1782 572 1881 kommen seyn.
306 1838 1532 1950 Noch einmal meinen herzlichsten Dank für bereits erwiesene u. noch
314 1941 1552 2018 verheissene Güte. Ehestens werden Liedersaal u: Müllersche Sammlung und
307 1982 1524 2086 Mörin zurückerfolgen, als dann denke ich auch ausführlicher über die
319 2067 1534 2186 Einrichtung des Lesebuchs schreiben zu können. Erhalten Sie, hoch¬
312 2166 1251 2277 verehrter Herr Baron, ein freundliches Wohlwollen
885 2242 1308 2338 Ihrem ganz ergebenen
1050 2354 1475 2461 Wilh. Wackernagel Dr.
