2392 3552
553 694 1964 772 sie in Begleitung meines besten Dankes zu Ihnen heim¬
571 854 2033 947 wandern. Auch das gewünschte Verzeichniss der Vonspey¬
559 1000 2033 1070 rischen Antiquitäten erhalten Sie diesemal noch nicht:
575 1126 2021 1232 ich meine, um ihnen recht zu dienen sey es nöthig dass
555 1278 2058 1378 ich vorher selbst noch einmal jene Sammlung genau be¬
563 1440 2044 1547 trachte, und dann etwa dem Catalog einige Raisonne¬
561 1584 1994 1651 ments beigebe. Dazu habe ich aber jezt wo sich die
559 1734 2068 1801 alten Arbeiten noch durch Amtsgeschäfte häufen, leider
565 1886 2046 1962 noch keine Zeit gefunden. Indessen auch dieses bald und
575 2048 865 2142 nächstens.
577 2167 2095 2301 Also von Grimm und Lachmann. Von jenem den Pf. Konrad,
569 2340 2107 2401 wieder eine sorgfältige treue Arbeit, recht in seiner Art
575 2473 2140 2570 von diesem die Noten zum Nibelliede, zwey academische
583 2629 2052 2701 Vorträge über altd. Gedichte, und (ich bin für Herrn
581 2773 2132 2886 Beyel darüber erschrocken) eine neue Ausgabe von Hart¬
575 2925 2031 3019 manns Gregor: keinesweges bloss ein emendierter Greith,
569 3056 2122 3167 sondern mit Vergleichung der Wiener Handschrift und dessen
1939 3186 2054 3243 was
