2381 3544
534 669 1717 747 was man aus der verlorenen Strassburger kennt.
544 810 1911 917 Bald hätte ich vergessen, dass ich dennoch auch etwas
544 960 1874 1060 beizulegen habe: Jac. Grimms neueste Schrift und
540 1117 1909 1189 eine von Dahlmann beide über den Göttinger Handel,
559 1258 1952 1357 beide da sie weder in Leipzig noch in Stuttgart das Im¬
557 1406 1905 1490 primatur erhielten hier gedruckt; ich denke dass
538 1549 2026 1637 auch Ihnen die herzvolle gemüthliche Art mit der Grimm
557 1705 2028 1786 hier den ganzen Gang der Sachen und die Zustände seiner
532 1852 2040 1944 Seite darlegt, besonders wohlthun wird. Noch ist er immer
546 2016 1966 2075 in Cassel, missmuthig und fast verbittert, wenigstens
552 2151 1189 2235 wie Lachmann schreibt.
540 2280 1952 2394 Mit der Georgia Augusta aber stehts täglich übler: die
563 2458 1938 2525 Fundamente weichen, und die Wände triefen. Wir haben
563 2597 2014 2670 einen jüngeren Docenten von daher für unsre juristische
559 2744 1979 2828 Facultät gewonnen, Prof. Wunderlich, einen von den
551 2902 1997 3002 wenigen die auf Anlass des Huldigungsreverses von neuem
544 3045 2040 3116 ihr Gewissen verwahrt haben. Eben dieser ist W. Grimms Bote
1860 3151 2083 3235 gewesen.
