<?xml version="1.0" encoding="UTF-8" standalone="yes"?>
<PcGts xmlns="http://schema.primaresearch.org/PAGE/gts/pagecontent/2013-07-15" xmlns:xsi="http://www.w3.org/2001/XMLSchema-instance" xsi:schemaLocation="http://schema.primaresearch.org/PAGE/gts/pagecontent/2013-07-15 http://schema.primaresearch.org/PAGE/gts/pagecontent/2013-07-15/pagecontent.xsd">
    <Metadata>
        <Creator>prov=READ-COOP:name=TrHtr:version=2.19.0:model_id=51170:date=24_10_2024_18:58</Creator>
        <Created>2024-10-20T21:30:25.978+02:00</Created>
        <LastChange>2025-03-05T20:00:58.443+01:00</LastChange>
        <TranskribusMetadata docId="4726778" pageId="80680596" pageNr="4" tsid="233503129" status="DONE" userId="19940" imgUrl="https://files.transkribus.eu/Get?id=KARMKDHNFJNUYRVOXZHTMJUR&amp;fileType=view" xmlUrl="https://files.transkribus.eu/Get?id=BRDJQAWQMPLSPYVDYOVTYVOU" imageId="66117943"/>
    </Metadata>
    <Page imageFilename="PA 82a B 9_Seite_193.jpg" imageWidth="790" imageHeight="1182">
        <ReadingOrder>
            <OrderedGroup id="ro_1741247590495" caption="Regions reading order">
                <RegionRefIndexed index="0" regionRef="tr_1"/>
            </OrderedGroup>
        </ReadingOrder>
        <TextRegion orientation="0.0" id="tr_1" custom="readingOrder {index:0;}">
            <Coords points="186,226 186,857 679,857 679,226"/>
            <TextLine id="tr_1_tl_1" custom="readingOrder {index:0;}">
                <Coords points="181,252 281,273 327,259 377,270 483,256 508,273 538,254 556,259 556,222 473,197 314,205 287,230 270,218 254,231 218,221 181,231"/>
                <Baseline points="186,251 212,252 239,252 265,252 292,254 318,254 345,254 372,253 398,251 425,251 451,251 478,251 504,251 531,250 558,248"/>
                <TextEquiv>
                    <Unicode>ich muss jedoch schliessen. Gott behüte Sie!</Unicode>
                </TextEquiv>
            </TextLine>
            <TextLine id="tr_1_tl_2" custom="readingOrder {index:1;}">
                <Coords points="191,312 312,303 391,332 466,316 507,330 610,301 650,310 650,282 626,268 560,276 529,259 459,277 191,268"/>
                <Baseline points="196,298 221,298 246,298 272,298 297,298 322,299 348,298 373,298 398,298 424,299 449,299 474,298 500,298 525,298 550,297 576,297 601,297 626,296 652,297"/>
                <TextEquiv>
                    <Unicode>Unser beider herzlichste Grüsse und Empfehlungen an</Unicode>
                </TextEquiv>
            </TextLine>
            <TextLine id="tr_1_tl_3" custom="readingOrder {index:2;}">
                <Coords points="184,360 493,353 551,379 632,360 676,378 677,318 553,307 506,327 185,329"/>
                <Baseline points="189,350 214,351 240,351 266,350 292,350 317,350 343,348 369,348 395,348 421,348 446,348 472,348 498,348 524,348 550,348 575,347 601,347 627,347 653,348 679,348"/>
                <TextEquiv>
                    <Unicode>Sie und Ihre verehrte Frau Gemahlinn und das liebliche</Unicode>
                </TextEquiv>
            </TextLine>
            <TextLine id="tr_1_tl_4" custom="readingOrder {index:3;}">
                <Coords points="188,412 563,407 597,426 662,409 662,377 648,376 358,378 333,362 188,377"/>
                <Baseline points="193,398 219,399 245,400 271,398 297,398 323,398 350,397 376,398 402,398 428,398 454,398 480,397 507,397 533,397 559,397 585,398 611,397 637,398 664,400"/>
                <TextEquiv>
                    <Unicode>Zwillingsgestirn der Kinder, deren Namen ich im Schweiz:</Unicode>
                </TextEquiv>
            </TextLine>
            <TextLine id="tr_1_tl_5" custom="readingOrder {index:4;}">
                <Coords points="184,461 633,467 668,456 669,422 636,435 585,420 404,427 350,406 268,430 185,425"/>
                <Baseline points="190,448 215,450 240,450 265,450 291,448 316,450 341,450 367,450 392,450 417,450 443,450 468,450 493,448 519,448 544,448 569,448 595,448 620,448 645,450 671,448"/>
                <TextEquiv>
                    <Unicode>Museum zwar richtig, aber (wie H. Pupikofer schreibt)</Unicode>
                </TextEquiv>
            </TextLine>
            <TextLine id="tr_1_tl_6" custom="readingOrder {index:5;}">
                <Coords points="187,502 228,515 255,505 275,521 394,504 487,524 586,510 586,458 531,456 452,481 381,468 369,480 290,478 243,459 187,475"/>
                <Baseline points="192,497 218,498 244,498 271,497 297,498 324,498 350,498 376,499 403,500 429,500 456,499 482,498 508,498 535,499 561,498 588,498"/>
                <TextEquiv>
                    <Unicode>Ihnen doch nicht zu Dank ausgedeutet habe.</Unicode>
                </TextEquiv>
            </TextLine>
            <TextLine id="tr_1_tl_7" custom="readingOrder {index:6;}">
                <Coords points="227,561 411,566 458,552 516,569 661,565 661,539 605,522 502,520 456,535 442,521 227,520"/>
                <Baseline points="232,550 257,550 282,550 307,551 333,551 358,551 383,552 409,552 434,551 459,551 484,551 510,552 535,552 560,553 586,552 611,552 636,552 662,552"/>
                <TextEquiv>
                    <Unicode>Leben Sie wohl, in aller Freundlichkeit gewogen</Unicode>
                </TextEquiv>
            </TextLine>
            <TextLine id="tr_1_tl_8" custom="readingOrder {index:7;}">
                <Coords points="433,623 457,631 489,615 537,615 551,603 609,620 610,572 584,561 568,571 547,567 538,573 521,566 504,574 434,578"/>
                <Baseline points="439,601 467,601 496,601 525,600 554,600 583,600 612,601"/>
                <TextEquiv>
                    <Unicode>Ihrem ergebensten</Unicode>
                </TextEquiv>
            </TextLine>
            <TextLine id="tr_1_tl_9" custom="readingOrder {index:8;}">
                <Coords points="464,665 504,674 544,656 568,661 585,675 620,671 632,678 646,667 668,665 667,632 642,622 579,626 568,620 557,631 540,620 463,624"/>
                <Baseline points="468,651 493,651 518,651 543,651 568,651 593,651 618,652 643,654 669,656"/>
                <TextEquiv>
                    <Unicode>Wilh. Wackernagel Dr.</Unicode>
                </TextEquiv>
            </TextLine>
            <TextLine id="tr_1_tl_10" custom="readingOrder {index:9;}">
                <Coords points="184,698 318,701 374,721 541,703 619,725 618,675 569,662 502,673 442,660 407,676 344,663 281,682 235,660 184,679"/>
                <Baseline points="189,694 214,696 239,696 264,696 290,696 315,696 340,697 366,697 391,697 416,697 441,697 467,697 492,697 517,697 543,697 568,697 593,697 619,696"/>
                <TextEquiv>
                    <Unicode>Alles Glück auf die Reise in die alte Koenigsburg!</Unicode>
                </TextEquiv>
            </TextLine>
            <TextLine id="tr_1_tl_11" custom="readingOrder {index:10;}">
                <Coords points="188,759 597,757 597,718 237,718 188,733"/>
                <Baseline points="193,745 218,745 243,745 268,745 294,745 319,745 344,746 370,745 395,746 420,746 446,746 471,746 496,746 522,745 547,745 572,745 598,743"/>
                <TextEquiv>
                    <Unicode>Blauen Himmel und Sonnenschein, und keinen</Unicode>
                </TextEquiv>
            </TextLine>
            <TextLine id="tr_1_tl_12" custom="readingOrder {index:11;}">
                <Coords points="191,802 354,817 373,804 388,818 447,804 578,808 578,766 395,767 383,778 338,762 306,778 191,770"/>
                <Baseline points="196,795 221,796 247,796 272,796 298,797 324,797 349,796 375,796 400,796 426,796 452,796 477,795 503,795 528,795 554,795 580,796"/>
                <TextEquiv>
                    <Unicode>Schmerz beim Abschied von der altgewohnten</Unicode>
                </TextEquiv>
            </TextLine>
            <TextLine id="tr_1_tl_13" custom="readingOrder {index:12;}">
                <Coords points="191,866 221,855 251,860 282,855 299,873 328,863 329,807 301,806 278,818 192,820"/>
                <Baseline points="196,846 223,846 250,846 277,846 304,846 331,843"/>
                <TextEquiv>
                    <Unicode>Waldklause!</Unicode>
                </TextEquiv>
            </TextLine>
            <TextEquiv>
                <Unicode>ich muss jedoch schliessen. Gott behüte Sie!&#13;
Unser beider herzlichste Grüsse und Empfehlungen an&#13;
Sie und Ihre verehrte Frau Gemahlinn und das liebliche&#13;
Zwillingsgestirn der Kinder, deren Namen ich im Schweiz:&#13;
Museum zwar richtig, aber (wie H. Pupikofer schreibt)&#13;
Ihnen doch nicht zu Dank ausgedeutet habe.&#13;
Leben Sie wohl, in aller Freundlichkeit gewogen&#13;
Ihrem ergebensten&#13;
Wilh. Wackernagel Dr.&#13;
Alles Glück auf die Reise in die alte Koenigsburg!&#13;
Blauen Himmel und Sonnenschein, und keinen&#13;
Schmerz beim Abschied von der altgewohnten&#13;
Waldklause!</Unicode>
            </TextEquiv>
        </TextRegion>
    </Page>
</PcGts>
