796 1182
139 58 356 120 erhalten am 30. April 1838
572 81 732 155 Basel 25 Apr. 1838.
227 173 430 229 Verehrtester Herr Baron,
208 246 675 329 meine und meiner Frau beste Glückwünsche zu der stattlichen
208 315 657 371 Meeresburg: langes Leben darin und Freuden die Fülle!
211 370 675 424 Ebenso auch freundlichen Dank für die übersendeten Ab¬
213 439 682 498 bildungen: nun werden wir den Weg zu Ihrem gastlichen
212 467 651 520 Herd noch leichter finden: denn ich merke wohl wir
213 540 557 569 werden ihn wieder einmal suchen dürfen.
211 596 673 628 Hoffentlich finden diese Zeilen sie selber noch in Eppis¬
211 625 681 680 hausen, und das Einpacken Ihrer Sachen noch nicht ab¬
211 666 675 723 geschlossen. Denn es kommt einiges mit das auch noch
216 718 678 775 eingepackt seyn will. Von mir nicht, aber durch mich
213 759 602 822 von anderen, von Wilh. Grimm u. Lachmann.
209 835 668 875 Von mir nicht, und das bitte ich Sie vor allen Dingen
209 887 683 928 freundlich entschuldigen zu wollen. Auch habe ich nämlich
204 935 681 972 die mir anvertrauten Bücher nicht ausbenützt, nächstens
203 993 666 1039 aber hoffe ich damit fertig zu seyn, und dann sollen
595 1013 674 1074 sie in
