<?xml version="1.0" encoding="UTF-8" standalone="yes"?>
<PcGts xmlns="http://schema.primaresearch.org/PAGE/gts/pagecontent/2013-07-15" xmlns:xsi="http://www.w3.org/2001/XMLSchema-instance" xsi:schemaLocation="http://schema.primaresearch.org/PAGE/gts/pagecontent/2013-07-15 http://schema.primaresearch.org/PAGE/gts/pagecontent/2013-07-15/pagecontent.xsd">
    <Metadata>
        <Creator>prov=READ-COOP:name=TrHtr:version=2.30.0:model_id=265149:date=11_08_2025_19:16</Creator>
        <Created>2025-08-11T19:13:03.050+02:00</Created>
        <LastChange>2025-09-16T09:05:16.008+02:00</LastChange>
        <TranskribusMetadata docId="10036509" pageId="101540826" pageNr="1" tsid="255666899" status="GT" userId="19940" imgUrl="https://files.transkribus.eu/Get?id=QXQBISSLWLSMYOUMDAUGLBEQ&amp;fileType=view" xmlUrl="https://files.transkribus.eu/Get?id=QPLWSQHNKBSIYZSTCBTVCKOD" imageId="85167998"/>
    </Metadata>
    <Page imageFilename="PXL_20250811_113538665.jpg" imageWidth="3072" imageHeight="4080">
        <ReadingOrder>
            <OrderedGroup id="ro_1758012788795" caption="Regions reading order">
                <RegionRefIndexed index="0" regionRef="tr_1"/>
            </OrderedGroup>
        </ReadingOrder>
        <TextRegion orientation="0.0" id="tr_1" custom="readingOrder {index:0;}">
            <Coords points="328,93 328,3507 2587,3507 2587,93"/>
            <TextLine id="tr_1_tl_1" custom="readingOrder {index:0;}">
                <Coords points="392,177 2586,221 2583,109 2368,95 392,98"/>
                <Baseline points="408,161 522,166 637,170 752,172 866,170 981,172 1096,174 1210,176 1325,177 1440,182 1554,180 1669,176 1784,173 1898,170 2013,176 2128,176 2242,173 2357,179 2472,185 2587,196"/>
                <TextEquiv>
                    <Unicode>Erhalten durch Buchhändler Seemüller aus Constanz am 14 Maerz</Unicode>
                </TextEquiv>
            </TextLine>
            <TextLine id="tr_1_tl_3" custom="readingOrder {index:1;}">
                <Coords points="2297,384 2349,384 2403,417 2417,403 2472,411 2499,433 2548,422 2537,259 2502,248 2458,264 2417,243 2376,262 2365,256 2333,283 2292,289"/>
                <Baseline points="2307,328 2333,330 2360,331 2387,331 2414,332 2440,334 2467,336 2494,338 2521,342 2548,346"/>
                <TextEquiv>
                    <Unicode>1831.</Unicode>
                </TextEquiv>
            </TextLine>
            <TextLine id="tr_1_tl_2" custom="readingOrder {index:2;}">
                <Coords points="311,365 365,360 417,398 695,349 897,382 907,172 760,243 610,191 567,213 496,172 316,240"/>
                <Baseline points="328,316 357,314 386,311 415,307 444,305 473,303 502,301 531,301 560,300 589,298 619,296 648,295 677,295 706,295 735,295 764,293 793,291 822,289 851,289 880,288 910,286"/>
                <TextEquiv>
                    <Unicode>Wackernagel</Unicode>
                </TextEquiv>
            </TextLine>
            <TextLine id="tr_1_tl_4" custom="readingOrder {index:3;}">
                <Coords points="880,717 1060,760 1158,676 1303,659 1521,719 1624,689 1769,747 1771,589 1695,608 1559,570 1463,605 1343,537 1128,518 1006,567 883,564"/>
                <Baseline points="895,665 939,664 983,662 1027,662 1071,662 1115,662 1159,662 1204,662 1248,662 1292,659 1336,659 1380,659 1424,659 1468,659 1513,659 1557,659 1601,659 1645,656 1689,653 1733,656 1778,653"/>
                <TextEquiv>
                    <Unicode>Hochgeehrter Herr Baron!</Unicode>
                </TextEquiv>
            </TextLine>
            <TextLine id="tr_1_tl_5" custom="readingOrder {index:4;}">
                <Coords points="736,1030 831,1071 1248,1038 1333,1085 1559,1025 2510,1055 2510,926 2180,869 1769,940 1616,888 1431,940 1098,894 736,924"/>
                <Baseline points="752,1029 840,1029 928,1029 1016,1027 1104,1023 1193,1022 1281,1020 1369,1020 1457,1020 1545,1020 1634,1020 1722,1017 1810,1017 1898,1017 1986,1016 2075,1014 2163,1014 2251,1011 2339,1011 2427,1011 2516,1005"/>
                <TextEquiv>
                    <Unicode>Daß ich Ihnen wiederum mit einem Briefe beschwerlich</Unicode>
                </TextEquiv>
            </TextLine>
            <TextLine id="tr_1_tl_6" custom="readingOrder {index:5;}">
                <Coords points="730,1210 1068,1174 1172,1221 1412,1155 1878,1229 2371,1164 2458,1199 2458,1041 2044,1087 1679,1055 1591,1109 1401,1046 954,1128 730,1090"/>
                <Baseline points="746,1166 831,1169 917,1169 1003,1168 1089,1163 1175,1161 1260,1158 1346,1158 1432,1155 1518,1155 1604,1158 1689,1158 1775,1159 1861,1158 1947,1160 2033,1158 2118,1158 2204,1155 2290,1155 2376,1155 2462,1149"/>
                <TextEquiv>
                    <Unicode>falle, geschieht um Ihre Verzeihung für eine noch</Unicode>
                </TextEquiv>
            </TextLine>
            <TextLine id="tr_1_tl_7" custom="readingOrder {index:6;}">
                <Coords points="719,1327 2044,1300 2185,1357 2455,1354 2436,1204 2215,1248 1616,1161 1373,1232 719,1243"/>
                <Baseline points="734,1289 820,1295 906,1298 993,1295 1079,1293 1166,1292 1252,1292 1338,1292 1425,1292 1511,1293 1598,1294 1684,1295 1770,1295 1857,1298 1943,1298 2030,1298 2116,1301 2202,1299 2289,1298 2375,1298 2462,1295"/>
                <TextEquiv>
                    <Unicode>größere Zudringlichkeit und Keckheit in beifolg¬</Unicode>
                </TextEquiv>
            </TextLine>
            <TextLine id="tr_1_tl_8" custom="readingOrder {index:7;}">
                <Coords points="733,1463 1085,1433 1254,1477 1349,1425 1888,1491 2041,1433 2218,1491 2488,1466 2485,1346 2117,1352 2044,1303 1837,1373 1373,1324 1079,1333 1008,1390 730,1343"/>
                <Baseline points="749,1426 836,1423 923,1423 1010,1423 1097,1424 1184,1423 1271,1425 1359,1426 1446,1429 1533,1428 1620,1429 1707,1429 1794,1429 1881,1429 1969,1430 2056,1432 2143,1432 2230,1435 2317,1438 2404,1438 2492,1435"/>
                <TextEquiv>
                    <Unicode>endem Büchlein zu erbitten, dafür nämlich, daß</Unicode>
                </TextEquiv>
            </TextLine>
            <TextLine id="tr_1_tl_9" custom="readingOrder {index:8;}">
                <Coords points="733,1613 1000,1586 1180,1632 1313,1583 1736,1654 2488,1586 2488,1474 2055,1523 929,1461 733,1515"/>
                <Baseline points="749,1569 836,1569 923,1569 1010,1569 1098,1569 1185,1566 1272,1569 1360,1572 1447,1572 1534,1574 1622,1575 1709,1575 1796,1575 1883,1575 1971,1576 2058,1575 2145,1575 2233,1575 2320,1575 2407,1578 2495,1575"/>
                <TextEquiv>
                    <Unicode>ich Ihnen das Dutzend Versuche mittelhochdeut¬</Unicode>
                </TextEquiv>
            </TextLine>
            <TextLine id="tr_1_tl_10" custom="readingOrder {index:9;}">
                <Coords points="717,1714 1016,1769 1335,1714 1657,1785 1878,1719 2450,1749 2455,1602 2128,1586 1779,1651 1455,1613 1305,1673 1016,1583 714,1610"/>
                <Baseline points="731,1710 817,1710 904,1710 991,1711 1077,1710 1164,1712 1251,1716 1337,1716 1424,1716 1511,1716 1598,1717 1684,1718 1771,1718 1858,1717 1944,1719 2031,1719 2118,1719 2204,1722 2291,1722 2378,1719 2465,1722"/>
                <TextEquiv>
                    <Unicode>scher Lyrik zu widmen gewagt habe. Ich bitte</Unicode>
                </TextEquiv>
            </TextLine>
            <TextLine id="tr_1_tl_11" custom="readingOrder {index:10;}">
                <Coords points="703,1869 1234,1937 1365,1872 2104,1916 2191,1869 2442,1878 2398,1779 2292,1837 2106,1763 1319,1801 1063,1760 962,1801 703,1741"/>
                <Baseline points="719,1847 805,1850 891,1853 978,1856 1064,1854 1151,1856 1237,1859 1323,1860 1410,1859 1496,1862 1583,1862 1669,1865 1755,1865 1842,1862 1928,1865 2015,1865 2101,1868 2187,1868 2274,1865 2360,1862 2447,1862"/>
                <TextEquiv>
                    <Unicode>Sie inständigst, geehrtester Herr Baron, zürnen</Unicode>
                </TextEquiv>
            </TextLine>
            <TextLine id="tr_1_tl_12" custom="readingOrder {index:11;}">
                <Coords points="722,2027 2044,2006 2518,2057 2515,1927 2458,1908 2147,1946 1469,1878 1324,1943 907,1864 719,1897"/>
                <Baseline points="734,1987 823,1984 912,1987 1002,1990 1091,1987 1181,1990 1270,1990 1359,1993 1449,1993 1538,1993 1628,1996 1717,1999 1806,1999 1896,1999 1985,1999 2075,2005 2164,2008 2253,2008 2343,2008 2432,2011 2522,2011"/>
                <TextEquiv>
                    <Unicode>Sie nicht darum dem fahrenden Schüler. Ich freute</Unicode>
                </TextEquiv>
            </TextLine>
            <TextLine id="tr_1_tl_13" custom="readingOrder {index:12;}">
                <Coords points="717,2169 1076,2147 1213,2205 1333,2164 2398,2169 2354,2055 2161,2115 1995,2052 1747,2096 1531,2022 1267,2098 1000,2044 717,2063"/>
                <Baseline points="731,2125 814,2125 898,2130 982,2134 1065,2134 1149,2134 1233,2134 1316,2137 1400,2137 1484,2137 1568,2141 1651,2145 1735,2145 1819,2145 1902,2145 1986,2145 2070,2145 2153,2145 2237,2143 2321,2142 2405,2148"/>
                <TextEquiv>
                    <Unicode>mich von ganzem Herzen, auf diese Weise</Unicode>
                </TextEquiv>
            </TextLine>
            <TextLine id="tr_1_tl_14" custom="readingOrder {index:13;}">
                <Coords points="714,2311 2523,2330 2521,2183 2275,2164 2055,2248 1766,2161 1243,2205 711,2166"/>
                <Baseline points="728,2268 822,2271 917,2278 1012,2280 1106,2282 1201,2282 1296,2283 1390,2284 1485,2286 1580,2286 1674,2289 1769,2292 1864,2295 1958,2298 2053,2298 2148,2299 2242,2296 2337,2292 2432,2292 2527,2292"/>
                <TextEquiv>
                    <Unicode>Ihnen ein Zeichen und ein Unterpfand der liebe¬</Unicode>
                </TextEquiv>
            </TextLine>
            <TextLine id="tr_1_tl_15" custom="readingOrder {index:14;}">
                <Coords points="717,2431 1305,2447 1357,2491 1600,2433 2153,2518 2297,2452 2452,2485 2450,2363 2106,2417 1828,2314 1589,2376 1128,2311 962,2393 714,2373"/>
                <Baseline points="731,2423 817,2423 903,2426 990,2428 1076,2431 1163,2432 1249,2432 1335,2432 1422,2432 1508,2432 1595,2432 1681,2436 1767,2441 1854,2441 1940,2444 2027,2444 2113,2447 2199,2447 2286,2445 2372,2439 2459,2438"/>
                <TextEquiv>
                    <Unicode>vollen Hochachtung geben zu können, mit der</Unicode>
                </TextEquiv>
            </TextLine>
            <TextLine id="tr_1_tl_16" custom="readingOrder {index:15;}">
                <Coords points="725,2635 1033,2572 1313,2627 1510,2583 1679,2643 1916,2611 2033,2668 2352,2600 2450,2660 2466,2491 2303,2526 1676,2469 1572,2537 1136,2472 1038,2532 897,2474 722,2507"/>
                <Baseline points="737,2554 824,2560 911,2563 998,2569 1085,2572 1172,2577 1259,2578 1346,2579 1433,2581 1520,2582 1607,2584 1694,2586 1781,2587 1868,2590 1955,2590 2042,2590 2129,2590 2216,2590 2303,2590 2390,2590 2477,2596"/>
                <TextEquiv>
                    <Unicode>ich mir Ihren Namen nenne. Wie sehr sehne</Unicode>
                </TextEquiv>
            </TextLine>
            <TextLine id="tr_1_tl_17" custom="readingOrder {index:16;}">
                <Coords points="722,2736 1147,2799 1403,2728 1976,2796 2254,2744 2444,2799 2409,2649 2155,2681 1804,2613 1273,2673 1101,2627 997,2687 924,2632 722,2632"/>
                <Baseline points="737,2704 822,2707 908,2710 993,2713 1079,2716 1165,2719 1250,2719 1336,2721 1422,2721 1507,2722 1593,2724 1679,2730 1764,2730 1850,2730 1936,2730 2021,2733 2107,2735 2193,2733 2278,2731 2364,2733 2450,2739"/>
                <TextEquiv>
                    <Unicode>ich mich nach der Zeit, wo ich nah der</Unicode>
                </TextEquiv>
            </TextLine>
            <TextLine id="tr_1_tl_18" custom="readingOrder {index:17;}">
                <Coords points="714,2897 1055,2924 1387,2867 1959,2932 2485,2916 2444,2790 711,2755"/>
                <Baseline points="728,2847 816,2850 904,2853 992,2856 1080,2856 1169,2859 1257,2862 1345,2862 1433,2862 1521,2865 1610,2867 1698,2871 1786,2871 1874,2871 1962,2871 2051,2871 2139,2874 2227,2874 2315,2874 2403,2875 2492,2889"/>
                <TextEquiv>
                    <Unicode>Schweiz wandern kann, in Zürich, im Aargau,</Unicode>
                </TextEquiv>
            </TextLine>
            <TextLine id="tr_1_tl_19" custom="readingOrder {index:18;}">
                <Coords points="722,3063 1183,3096 1398,3022 1779,3082 2297,3022 2521,3077 2518,2938 2384,2897 2224,2951 2016,2902 1788,2951 1676,2897 1545,2962 1281,2948 1142,2891 1036,2951 935,2905 719,2946"/>
                <Baseline points="734,3002 823,3002 913,3002 1002,3005 1092,3005 1182,3005 1271,3008 1361,3005 1451,3008 1540,3011 1630,3014 1720,3017 1809,3014 1899,3017 1989,3017 2078,3020 2168,3023 2258,3020 2347,3020 2437,3023 2527,3029"/>
                <TextEquiv>
                    <Unicode>in Basel, im Bündnerlande alte treue Freunde</Unicode>
                </TextEquiv>
            </TextLine>
            <TextLine id="tr_1_tl_20" custom="readingOrder {index:19;}">
                <Coords points="722,3169 1343,3183 1501,3243 1897,3235 1997,3177 2518,3202 2515,3079 2166,3145 2060,3082 1878,3142 1747,3066 1474,3115 1275,3055 1106,3115 719,3063"/>
                <Baseline points="737,3145 826,3142 915,3142 1004,3142 1094,3148 1183,3151 1272,3151 1361,3154 1451,3151 1540,3154 1629,3157 1718,3160 1808,3160 1897,3163 1986,3163 2075,3166 2165,3163 2254,3166 2343,3166 2432,3166 2522,3169"/>
                <TextEquiv>
                    <Unicode>wieder zu finden – und im grünen blühenden</Unicode>
                </TextEquiv>
            </TextLine>
            <TextLine id="tr_1_tl_21" custom="readingOrder {index:20;}">
                <Coords points="722,3360 853,3316 956,3371 1025,3322 1469,3395 1583,3324 2229,3387 2346,3324 2518,3349 2515,3216 2409,3186 2112,3251 1354,3232 1275,3183 1074,3245 847,3169 719,3207"/>
                <Baseline points="737,3292 826,3292 915,3295 1004,3298 1094,3298 1183,3303 1272,3306 1361,3309 1451,3309 1540,3309 1629,3309 1718,3312 1808,3312 1897,3312 1986,3312 2075,3309 2165,3309 2254,3312 2343,3315 2432,3315 2522,3315"/>
                <TextEquiv>
                    <Unicode>Thurgau auf Schloß Eppishausen den Maister</Unicode>
                </TextEquiv>
            </TextLine>
            <TextLine id="tr_1_tl_22" custom="readingOrder {index:21;}">
                <Coords points="722,3545 976,3463 1640,3572 1739,3523 2104,3521 2177,3575 2431,3534 2428,3371 2289,3420 1755,3371 1640,3414 1534,3357 1472,3393 1158,3341 995,3393 856,3316 719,3354"/>
                <Baseline points="734,3441 819,3447 904,3449 989,3450 1074,3450 1159,3452 1244,3453 1329,3453 1414,3457 1499,3459 1584,3462 1669,3459 1754,3462 1839,3467 1924,3468 2009,3468 2094,3471 2179,3472 2264,3473 2349,3468 2435,3462"/>
                <TextEquiv>
                    <Unicode>Sepp endlich von Angesicht zu sehen! Ich</Unicode>
                </TextEquiv>
            </TextLine>
            <TextEquiv>
                <Unicode>Erhalten durch Buchhändler Seemüller aus Constanz am 14 Maerz&#13;
1831.&#13;
Wackernagel&#13;
Hochgeehrter Herr Baron!&#13;
Daß ich Ihnen wiederum mit einem Briefe beschwerlich&#13;
falle, geschieht um Ihre Verzeihung für eine noch&#13;
größere Zudringlichkeit und Keckheit in beifolg¬&#13;
endem Büchlein zu erbitten, dafür nämlich, daß&#13;
ich Ihnen das Dutzend Versuche mittelhochdeut¬&#13;
scher Lyrik zu widmen gewagt habe. Ich bitte&#13;
Sie inständigst, geehrtester Herr Baron, zürnen&#13;
Sie nicht darum dem fahrenden Schüler. Ich freute&#13;
mich von ganzem Herzen, auf diese Weise&#13;
Ihnen ein Zeichen und ein Unterpfand der liebe¬&#13;
vollen Hochachtung geben zu können, mit der&#13;
ich mir Ihren Namen nenne. Wie sehr sehne&#13;
ich mich nach der Zeit, wo ich nah der&#13;
Schweiz wandern kann, in Zürich, im Aargau,&#13;
in Basel, im Bündnerlande alte treue Freunde&#13;
wieder zu finden – und im grünen blühenden&#13;
Thurgau auf Schloß Eppishausen den Maister&#13;
Sepp endlich von Angesicht zu sehen! Ich</Unicode>
            </TextEquiv>
        </TextRegion>
    </Page>
</PcGts>
