3072 4080
674 307 2438 518 denke es mir bei Ihnen unendlich schoen. Aber
676 499 2514 699 wann werden diese Hoffnungen, diese Wünsche wahr
685 642 1006 790 werden?
804 790 2497 978 Herr Baron, ich glaube Ihrer Verzeihung ge¬
694 942 2539 1146 wiss zu seyn und stelle meine Bitten schon hoeh¬
697 1091 2539 1272 er: lassen Sie sich meine Poetereyen auch in etwas
701 1217 2465 1400 gefallen, die mittelhochdeutschen sowohl als die
692 1359 2486 1537 neuhochdeutschen. Freunde behaupten und es will
685 1519 2447 1696 mir auch selbst so scheinen, als waere zwischen
685 1661 2449 1831 diesen und jenen wenig Unterschied, als waeren
685 1789 2447 1966 diese in der Sprache nur zum Theil, in Sinn
687 1927 2461 2122 und Auffassung fast gar nicht neuhochdeutsch.
701 2110 2278 2257 Ich mache mir deswegen keine Vorwürfe.
825 2220 2429 2413 Ich schreibe Ihnen diesen Brief zwey Tage
713 2369 2459 2559 vor meiner Abreise nach Breslau, wo ich mich
731 2504 2495 2713 – vielleicht für immer – niederlassen will. Wollen
692 2669 2465 2841 Sie mich also mit einer Antwort erfreuen, so
706 2793 2447 2967 bitte ich Sie dieselbe an den Bibliothecar H.
719 2944 2381 3123 Hoffmann, Bresslau, neue Sandstrasse no 10
715 3089 2479 3270 zu adressieren. Diese erwartend, verbleibe ich
1178 3219 2349 3423 hochachtungsvoll, Herr Baron,
1347 3368 2585 3584 Ihr ergebener Wilh. Wackernagel
2119 3533 2555 3668 cand. philol.
564 3467 1207 3655 Berlin. 30. September.
761 3611 955 3776 1828.
