2094 3218
107 143 1910 351 der naturforsch. gesellschaft heraus gegebende Alpenkarte zu subscri¬
159 311 1400 492 biren, so werden Sie mich hiedurch verbünden.
177 465 1908 608 Was die Siegel abdrücke v. meinem wappen betrift; so muss ich,
219 642 1867 745 Inen nur sagen, daß die meisten unrichtig gestochen sind,
217 747 1923 939 besonders durch ungeschikte Verwechselung der bilder. Wenn Sie
217 899 1961 1035 das wappen richtig haben wollen, so müssen si es von dem gemalten
210 1053 1903 1257 großen welches ich besitze, aber nicht versenden kann abzeichnen.
217 1203 1939 1407 an dem weissenauer codex habe ich noch 83 seiten zu schreiben; Sobald
172 1335 1878 1532 ich damit fertig bin sende ich Inen solchen, damit sie die noch ab¬
174 1494 1366 1693 gängigen Buchstaben hinein machen können.
210 1668 1881 1840 Das exemplar der Elsasserchronik ist nicht schoen genug, daß es
208 1800 1881 1939 den aufwand verdiente die darin befindlichen wappen ausmalen
212 1946 1923 2115 zu lassen. Wenn ich mein reichenauer Schildbuch wieder auf¬
208 2069 1890 2243 finde, so will ich sie ersuchen mir die darin befindlichen wappen
224 2221 1878 2404 zu verbessern! Nächstens erwarte ich eine zeichnung aus Basel
199 2357 1954 2556 v. dem in Kloster klingental befindlichen Grabmal des minnesängers
210 2529 1843 2704 Walter v. Klingen, welches ich durch Sie werde abzeichnen
224 2681 1878 2820 lassen. es wird in der folge schon noch allerlei arbeit geben.
