2042 3266
107 94 254 194 209.
1795 90 1978 249 179
814 113 1690 266 Eppishaus auf 25 Juny 1830
271 343 983 501 Wertester Herr Hartmann!
173 614 1871 754 mit vergnügen habe ich Ires H. Vaters gesch. v. St. Gallen
185 789 1714 946 durch Sie erhalten, und danke für deren mitteilung.
185 914 1852 1100 Das von Inen übernommene Paket ist glücklich an den buchbinder
192 1036 1952 1251 gelangt. Für den übersandten entwurf zu einem bücherstempel
188 1164 1899 1321 sage ich Inen vielen dank und bitte mir solchen indess auf meine
202 1306 1914 1520 rechnung zu legen. Indessen bitte ich Sie mir einen etwas
215 1451 1925 1641 größern zu machen, mit der umschrift. JOSEPHVS. DE.
209 1564 1916 1728 LASZBERG. MILES. zwar so klein wie moglich aber
220 1707 1790 1882 dabei so groß daß die Schrift noch ganz deutlich erscheint,
230 1850 1865 2014 ungefär so wie das beiliegende muster, welches ich mir zurük
247 2016 1942 2157 ausbitte. die bestimmung davon ist einen stampf daraus
237 2118 1882 2315 in messing machen zu lassen, womit der Buchbinder die
262 2289 1907 2451 dekel meiner bücher zeichnen kann; es muss also die Schrift
234 2410 1812 2600 ser deutlich, sein, ich denke das muster wird wol die rechte
258 2666 665 2788 größe haben.
245 2790 1920 2954 Wenn Sie die güte haben wollen in meinem namen auf die von
