1994 3218
88 202 1717 393 Wirklich bin ich wieder einem pergamentcodex auf der Spur,
114 387 1750 582 welcher merere Bilder enthalten soll! Wascheinlich wird dieser
134 558 1287 723 auch wieder Beschäfftigung für Sie lifern.
132 716 1895 905 Ich möchte wissen ob H. Diacon Wegelin es nicht übelgenommen,
147 854 1854 1032 daß ich mich wegen des Weissenauer codex an den H. Bibliothekar
130 1015 1001 1199 v Zollikofer gewendet habe?
182 1078 1794 1291 Wenn Sie die gütige Gefälligkeit haben wollten, sich
158 1241 1856 1511 bei der Hausfrau des H. Ildefons v. Arx nach dem befinden
174 1445 1832 1597 dieses mir so lieben Freundes zu erkundigen, und mir durch
187 1636 1838 1768 der rückgehenden boten einige nachricht von demselben zu
211 1759 1865 1900 geben; so würden Sie mich dadurch recht ser verbinden.
224 1878 1812 2106 Ich sende Inen diese zeilen durch die jungfer Grenzeller,
198 2056 1739 2238 welche ich gestern bei H. Dr. Knabenhaus angetroften.
569 2229 1417 2420 Mit besonderer Hochschätzung
224 2275 389 2387 Eille
784 2436 988 2574 Dero
1142 2508 1605 2660 gehorsamer Diener
1168 2675 1706 2870 Joseph von Laszberg
