1286 1636
379 195 758 270 Auf der alten Meersburg am 17 October. 1840.
50 279 979 382 Tandem aliquando! rief ich, mein hochvererter herr und freund! beim erbliken der eben sowol bekannten, als lange
59 376 1029 463 vermissten schriftzüge aus, und so angenem mir das geschenk unsers lieben Wilhelm Grimm war; so ser schmerzt
64 441 996 518 mich die nachricht, welche Sie mir von dem zustande Irer gesundheit geben, welche mir schon im lezten sommer Herr
55 495 1038 591 Professor De Wette, der uns hier mit seiner frau besuchte, als leidend schilderte. Liegt das übel im unterleibe; so giebts dagegen
68 552 1039 622 nur ein mittel: reisen, reisen nach einem milden himmelsstriche; ist es aber von nervöser natur; so weiss ich nicht, was
66 607 957 703 ich tun würde; aber, wo eine ganze medizinische facultät ist, braucht man keinen laien zu rate zu ziehen.
71 660 1040 765 Möge der winter Inen besser bekommen! Was uns betrift so leben wir, dem lieben gott sei tausend dank dafür!
78 734 1029 838 alle alt und iung, so gesund und vergnügt in unserer alten burg, als wir nur es wünschen können, und
80 765 1037 907 grüssen Sie und wejb und kind auf das herzlichste. wie oft haben meine frau und ich schon den wunsch aus¬
78 867 1069 979 gesprochen: dass Sie alle drei einmal zu uns kommen und einige stillvergnügte tage bei uns verleben möchten!
70 925 1031 1058 Ich weiss gewiss, dass Sie sich sowol in der hellen, warmen und geräumigen Dagobertsburg, und der schönen
82 994 1048 1097 aussicht über den ganzen Bodensee, von einem ende zum andern, gefallen würden, als auch in meinem, nun
86 1069 1054 1187 endlich angefüllten büchersaale, der das ehemalige fürstbischofliche Archivlocal und noch ein paar gemache
90 1150 1028 1247 dazu begreifft, mit anstossendem schreibzimmer, von dem ich die reihen der bücherkasten übersehe.
78 1225 1038 1310 Deus nobis haec otia fecit aber mit dem arbeiten will es noch nicht recht zu gange kommen; ich
82 1274 1026 1370 werde allzuoft gestört: gelerte und ungelerte kommen häufig den alten burgvogt und seine handschriften
