1296 1636
201 305 1206 405 zu besuchen. Hoffmann von Fallersleben und herr Pfeiffer aus Solothurn haben Inen wol meine grüsse ausgerichtet.
203 370 1194 463 Professor Reyscher aus Tübingen, der das vorwort zu meines Friz Schwabenspiege gemacht hat, und dessen college Prof,
221 444 1170 512 Michaelis; sogar ein Baseler Theologe fand, wie schon gesagt, den weg in unsere alte mauren; dann im
229 503 1214 593 laufe des sommers schneite es landsleute meiner guten Jenny in unser haus; die frommen wakeren westphalen
228 566 1200 638 aus dem Pumpernikellande gefielen sich ser in unserer alten burg, im vergleiche mit iren kaien und
225 603 1184 712 fahlen heiden. auch die entfernten freunde dachten an mich: Uhland verkündete mir die vollendung seines
218 679 1171 768 werkes über das volkslied, und das nahe beginnen seines drukes. Lachmann beschenkte mich mit
239 763 1206 835 20 alten liedern von den Nibelungen; die bearbeitung der übrigen verhinderte die nähe des buchdrukerfestes.
241 803 1200 908 Aber, was habe ich zu geben! nichts als ein Vergelts Gott! - Indessen habe ich doch hie und da etwas
240 868 1215 988 getan; aber mer für andre leute als für mich selbst. Urkunden für meinen codex diplomaticus abschreiben,
238 938 1169 1052 das gehet noch; weil man da abbrechen kann, wann man will, auch habe ich deren schon eine
236 1012 1209 1119 hübsche anzal inedita beisamen. Eine gute handschrift von Taulers Predigten, cod. pap., dann die
238 1072 1215 1191 werke des 1331 gestorbenen abts Engelbert von Admont, 2 bände in 4to, eine Vita sanctorum seculi XIV,
245 1139 1219 1255 alles auf pergament, und eine späte aber gute handschrift von Wilhelm von Orlienz in niederrheinischer schreib¬
240 1219 1209 1331 art, und eine sammlung Westphaelischer Lieder 1579. worinne auch ein verwandter meiner frau, Eberwin
235 1326 870 1394 Droste als dichter erscheint, habe ich, seit ich hier bin, erworben.
