1296 1636
45 294 1060 392 Dieses iar sind w[...]en liedern gesegnet worden, welche aber zum
56 347 1082 471 teile, z. b. die bei [ ... ] sstetun. Dr. Marbachs übersezung ist wol, weder
64 435 1056 519 das schöne papier, [...] ersehe bilder und vignetten, welche mich auch nicht
80 453 1059 591 besonders erfreut haben, wert [...]ol Cotta zuletzt noch liefern wird? Es ist überall gegen¬
80 557 784 645 wärtig wenig verstand und noch weniger reiner kunstgeschmak.
103 602 1048 723 An Irem schönen und guten lesebuch felen mir noch die dedication, vorrede und sogar die
97 683 1060 781 nachrede, welche, wie ich höre, keine üble nachrede sein soll: denken Sie vererter freund!
88 723 647 809 doch darauf mir diese defecte einmal zu übermachen.
102 765 1055 899 Mit freuden haben wir Ires kindes und Irer frauen wolbefinden vernommen; was uns betrift, so
89 832 1036 984 haben wir lezten sommer alle zusamen eine reise nach Westphalen gemacht; aber für dies mal blos in
92 885 1046 1056 gedanken; denn Jupiter pluvius hat alles verschwemmt, und als das gute wetter kam, war es schon zu
88 969 1060 1118 späte; daher kam iezt unsere gute schwiegermutter, bleibt den winter bei uns und nimmt uns auf den sommer
85 1026 1042 1191 mit sich nach dem frommen pumpernikel lande, wo wir bei onkels vettern und basen herumziehend,
77 1100 764 1231 bis auf den herbst zu bleiben gedenken. Nun ade! und gott befolen von
719 1199 809 1264 Irem
791 1245 991 1339 Joseph von Laßberg.
