3072 4080
264 104 913 311 Wackernagel.
2068 169 2524 359 Basel 6. Oct. 38.
771 651 1635 862 Hochverehrter Herr Baron,
680 1014 2326 1255 vor allen Dingen muß ich Ihnen und unter angelegent¬
687 1204 2250 1430 lichen Empfehlungen unser beider auch Ihrer Frau
678 1360 2303 1582 Gemahlinn eine Nachricht mittheilen, die Sie, ich
674 1508 2282 1758 setze es voraus, mit freundlicher Theilnahme em¬
699 1694 2277 1920 pfangen werden: dass uns namelich am 25. v. d.
682 1916 2303 2176 der liebe Gott mit einem großen starken Buben be¬
682 2129 2328 2336 schenkt hat, und dass bis jezt alles ohne die leise¬
674 2269 2298 2501 ste Stoerung seinen rechten und erfreulichen Gang
695 2518 1751 2729 gegangen ist. Gott helfe weiter.
689 2696 2305 2888 Beiliegend erhalten Sie das Altdeutsche Lesebuch
710 2835 2286 3084 in der zweyten Auflage, wie es jezo, freylich noch
695 3057 2353 3209 nicht ganz fertig, versendet wird: es fehlen noch
693 3215 2377 3477 Wörterbuch Vorrede und Dedication. Sie haben mir
706 3407 2402 3621 erlaubt die frühere, damals unerlaubte, zu wider¬
2117 3621 2351 3748 holen:
