740 1160
102 84 689 127 neuen Constitution. Natürlich, damit keine Majorität die Minorität einschüchtere,
102 109 489 167 alles das unterm Schutze der eidgenössischen Waffen.
97 151 673 183 Die ganze Betrachtung der Baseler Angelegenheiten kommt auf die eine
103 182 685 233 Frage zurück: War es weise auf den Hilfruf der Reigoldswyler zu hören?
104 227 685 272 und dem stürmischen Verlangen der Stadtbürger, die den Auszug forderten, nach¬
103 254 688 305 zugeben. Da die Unternehmung ausser allem Zusammenhang mit dem Vorfalle
102 293 695 349 in Küssnacht war (davon muss jeder überzeugt sein, der sie hat werden sehen),
102 336 691 384 Basel also keines Rückhaltes, keiner schnellen Unterstützung von Seiten der s. g.
99 368 690 425 Reactionspartey gewiss seyn durfte, so beantwortet jene Frage sich von selbst.
98 399 694 457 Die Stadt mochte nun gewinnen oder nicht (das letztere aber wird bei einem Kam¬
97 439 678 487 pfe gegen guerillas immer wahrscheinlicher seyn, noch dazu wenn der Chef gegen
92 473 677 523 Willen und Einsicht die Truppen hinausführt), gegen die Eidgenossen war die
93 519 685 552 Sache auf beiden Seiten verloren. Was seit dem 3. August geschah und ge¬
92 548 695 602 schieht, sind lauter unvermeidliche Folgen. Freylich hätte man mindestens ehren
88 576 687 625 hafter fallen sollen. Da hatten die Berliner im J. 13. andern Muth, als die
88 621 674 667 Franzosen zwey Meilen davon standen und Brand und Plünderung und den
91 654 668 705 Marschall Ney als neuen Koenig bringen wollten. Und das war Berlin mit
91 690 677 756 seinen schnell gegrabenen Schanzen, und das waren Franzosen! Denn was
86 728 686 783 hat Basel mit der friedlichen dienstwilligen Übergabe gewonnen. Höchstens
87 768 684 821 ein gutes freundliches Bennehmen von Seiten der eingerückten Truppen, und
86 812 669 857 günstige Berichte der eidgenössischen Commissarien. Dies Tagsatzung aber
88 845 674 894 handelt nicht anders als hätte sie Basel mit der Schärfe des Schwertes
84 882 686 934 erobert, und die Berichte der Commissarien nennt sie kurzweg parteyisch.
86 918 689 958 Hätte sich Basel gewehrt: jene Truppen sind so, dass sie vielleicht vor langer Weile
87 961 684 1005 auseinander gelaufen wären; jedesfalls aber, wüsste man dann eher, wa¬
92 993 688 1051 rum die Tagsatzung sich als Siegerin und Basel als eine Verbrecherinn be¬
88 1045 172 1077 trachtet.
