734 1160
57 67 676 120 Die Neuenburger haben ihre Lostrennung von der Eidgenossenschaft beschlossen
59 116 678 147 und warten nur noch auf die Ratification des Koenigs. ich fürchte er verweigert sie.
56 148 672 178 Gaebe er sie, so könnte das vielleicht eine fremde Intervention herbeiführen. Ein
53 178 668 219 schlechtes Mittel, aber doch wohl das einzige, um die Schweiz wieder in das rechte
51 206 671 253 Gleis zu bringen. Ohne diess ist kein gutes Ende abzuschen. Denn welche Tage
48 241 678 290 wird es geben, wenn die guten Schweizer zuletzt inne werden, dass sie an den radi¬
50 284 681 335 calen Stimmführern nur eine neue Oligarchie gewonnen haben, boeser und gefähr¬
51 319 432 366 licher als irgend eine der alten Aristokratien?
54 349 674 399 All diess Unglück trifft auch mich nicht gelinde. Schon seit langer Zeit hat man
49 380 677 435 hier aus finanziellen und pietistischen Rücksichten die Aufhebung der Universität
51 422 678 472 gewünscht. Jetzt wird das Verlangen dringender und begründeter. Denn die Stadt
41 456 673 499 verarmt, zudem verlangen die Landschafter bei der allgemeinen Theilung der Staats¬
50 497 677 555 güter auch die des Vermögens der Universität. Kurz sie wird nun wohl unter¬
53 523 667 576 gehen. In diesem einen Fall mag man nichts vom Festhalten am Historischen
52 560 673 624 wissen, und dass es Ehrensache wäre, den Zürchern nicht auch noch diesen Tri¬
52 603 663 654 umph zu gönnen, daran denkt man nicht. Bloss des Pädagogiums wegen
50 641 326 690 bin ich aber nicht hieher gegangen.
57 665 674 719 Verzeihen Sie, geehrtester Herr Baron, dass ich Sie soviel von Baslerischen und
57 710 674 770 eigenen Angelegenheiten unterhalte oder auch nicht unterhalte. Aber Sie haben wie¬
53 742 673 789 derholentlich mir selbst und in dem neulichen schönen Brief auch der guten Stadt
54 786 669 828 Basel so viele Theilnahme bewiesen, dass ich mich damit entschuldigt glaube.
52 821 669 863 Ihr Rath, bei den Musen Trost für die Unbilden der Zeit zu suchen, würde
54 853 659 898 sich bewähren wenn ich mich einschliessen könnte und ausserdem die Ohren
56 887 651 950 verstopfen; aber die eidgenössische Musik rasselt zu oft bei mir vorüber,
57 932 658 973 und man kann keinen Schritt auf die Strasse thun, ohne durch bunte
58 968 638 1019 Röcke an das Elend erinnert zu werden, mit keinem Freunde sprechen
57 1005 668 1051 ohne gleich davon und nur davon reden zu hören. Wer kann da die rechte
