740 1160
505 68 644 122 Basel 30. Augst 33.
141 108 314 166 Hochgeehrter Herr Baron
92 256 659 332 Gestern ist endlich die Kiste mit den Bildern abgegangen. ich hoffe es werde alles so ankommen,
86 312 683 358 dass Sie zufrieden sind. Den grossen centnerwichtigen Querbalken habe ich nicht mit schicken
88 355 679 399 moegen: Kiste und Fracht waeren dadurch unmässig vertheuert worden, und so viel ich sehen
84 388 679 440 kann ist nichts darauf gemahlt und geschrieben als ein Palmenvers. Die Kiste aber, in der
84 443 685 490 die Bilder hergekommen, ist leider nicht mehr vorhanden: sie scheint bei der Versteigerung
84 481 673 527 irgendwie mit drein gegangen zu seyn. Mir scheint die neue nicht zu theuer. Um
82 510 684 555 Eins bitte ich Sie, verehrtester Herr Baron: lassen Sie Sich die Inscription auf dem
81 545 687 598 Deckel ebenso lustig vorkommen, als ich mich darüber geärgert habe. Solche Schrei
81 594 685 640 berey ist mir noch nicht vorgekommen, ich hatte in der Absicht, dass es recht schön
81 626 683 668 werden sollte, meinen Hauswirth als einen "Mahler in der Kunst wie auch in Leim
80 657 680 709 farben" (Baseler Wochenblättli) damit beauftragt: nun aber wollt ich ich hätte es
78 699 367 753 selber geschrieben. Nun genug davon.
82 737 673 789 Man ist hier jetzt, damit beschäftigt, Basel neu zu constituiren. Die Abtrennung
81 769 681 825 des Landes ist gestern anerkannt. Freylich war das dritte Wort beiden betreffenden
83 819 672 860 Verhandlungen des grossen Rathes immer: Wir thun es aber aus Zwang, nur aus
82 838 678 892 Zwang. Allein was hilft das? Wenn der Wolf die Schafe fort hat, so prote
82 878 681 923 stiert der Hirte zu spät. Reigoldswyl und Gelterkinden moegen nun schon wie
84 919 491 966 sie mit ihren Würgern und Wütherichen fertig werden.
82 950 683 1008 Das nächste was nun geschieht ist: die bestehende Regierung von Basel Stadttheil
87 979 673 1034 wird, je nachdem das souveraine Volk entscheidet, provisorisch erklärt oder von einer
86 1026 678 1083 neu erwählten abgelöst. Sodann Entwerfung und Berathung einer
