734 1160
70 71 667 115 Freude Ruhe und Sammlung gewinnen? ich studiere so viel ich muss, für
73 102 674 154 Universität u. Pädagogium. Ausserdem beschäftigen mich die Handschriften
75 149 664 175 aus Muri und Zürich, wo es zum Glück nicht viel mehr zu thun giebt als
74 168 675 218 abzuschreiben. Sie wollen so gütig sein und mir den VII und IX Band
76 209 681 246 von des Fr. v. Aretin Beiträgen dennoch beschaffen? ich nehme es mit Dank
74 240 679 286 an: die Aufsätze von Docen sind mir für die rechte Nutzung der Zürcher
73 278 297 334 Manuscripte unentbehrlich.
74 321 686 367 Herrn Neukirchs Hs. ist der Colmarer Codex, soviel ich aus dem was er sagt abneh¬
81 353 673 394 men kann; er hat ihn auch aus dem Pfeffelschen Hause, ich glaube durch
79 391 679 426 Heirath, überkommen. Aber ihn zu zeigen, daran will er immer noch nicht.
78 416 683 463 Es ist als fürchte er dann zur Herausgabe bewogen zu werden. Basler Buch¬
77 444 682 508 händler unternehmen nichts. Man muss halt abwarten; genug dass er nicht
83 489 230 536 aus der Welt ist.
78 523 682 572 Meine Studenten haben sich über Eggen und Sigenot sehr gefreut: ich soll ih¬
79 559 684 605 ren besten und ergebensten Dank ausrichten. Die Leute machen mich durch
76 593 679 639 ihren Eifer und ihrem Sinn für alte Poesie ganz glücklich. Auch das wird
76 624 671 689 aufhören, wenn die Univ. eingeht und die Leute anderswo etwas müssen zu
76 674 192 714 lernen suchen.
73 690 681 747 Bald wieder einige Zeilen von Ihnen, das würde mir troestlich seyn. Gewähren
72 738 674 797 Sie die Bitte und bleiben Sie freundlich gewogen. Ihrem ergebensten
479 895 660 951 Wilh. Wackernagel.
