1158 1389
319 301 951 364 freute man Sich dort auf Ihre Ankunft. ich wollte, Sie waeren daheim. vergönnen
321 338 627 396 Sie mir den eigennützigen Wunsch!
322 389 964 459 Darf ich Sie ersuchen, verehrter Herr Baron, mir melden zu wollen, ob Sie auf
322 444 966 503 Eppishausen sind und ob sie mir, wenn ich des Weges nach S. Gallen und Appen¬
326 497 991 547 zell fahre, eine gastliche Ansprache erlauben? Und es mir bald melden zu wollen?
324 534 980 586 ich würde Jhren meine ganze Achtung und Verehrung mittringen, meinen Dank
324 589 986 648 für mehrfache schöne Geschenke, und von den Freunden in Berlin und Göttingen
320 637 533 689 die herzlichsten Grüsse.
322 669 1006 748 Daß ich nicht schon längst meine Schuldigkeit gethan und Ihnen meine Ankunft
321 735 1004 797 gemeldet habe, daran ist nur der Drucker Schuld, der mich auf das verdrießlichste
314 800 480 850 hingehalten hat.
319 832 983 888 Voll Hoffnung und Freude, mit ausgezeichneter Hochachtung bin ich, hoch zu
324 885 544 934 verehrender Herr Baron,
709 1058 876 1120 Ihr gehorsamster
755 1109 935 1157 Wilh. Wackernagel.
745 1150 959 1197 S. Johann Vorstadt 40.
