1158 1389
189 47 523 123 erhalten und beantwortet am 30 Junij 1833.
868 113 989 164 Basel 27/6/33.
441 339 667 399 Hochgeehrter Herr Baron
268 527 544 590 im Jahre 1827 schrieben Sie mir:
319 593 941 641 "kommen Sie einmal in unser altes sängerland, in wenigen wochen werden Sie mer
321 626 925 683 eigentümliches an unserer sprache kennen lernen, als wenn Sie Monate lang über
318 670 920 736 den wörterbüchern liegen, besuchen Sie dann auch wenn sie des weges faren,
321 719 922 782 den alten meister Sepp in Eppishusen, dessen handschlag Inen sagen wird,
322 787 636 827 dass Sie in keinem fremden lande sind.
274 827 939 880 Aus beiliegendem Büchlein können Sie ersehen, dass und wie ich her genommen bin
272 891 949 917 und mich hier heimisch gemacht habe: endlich hat der Himmel einen Jahre lang
270 924 946 977 gehegten sehnlichsten Wursch erfüllt. Es fehlt nur noch daß ich Ihrer freund¬
278 969 938 1023 lichen Einladung folge und mir den Handschlag hole. Ich möchte es gleich in
276 1023 928 1068 den nächsten Ferien thun, die in der Mitte July anfangen. Aber vielleicht
272 1058 943 1128 trifft Sie dieser Brief gar nicht einmahl: denn als ich in Göttingen war,
875 1119 937 1166 freute
