1182 993
390 116 607 163 Hochverehrter Herr Baron,
282 288 966 353 meine ergebensten und herzlichsten Glückwünsche zu dem neuen schoenen Leben das in der
284 364 949 418 Villa Epponis, lange genug einem "armen Kloesterlein", begonnen hat.
281 407 957 460 Die Nachricht hat mich um so mehr erfreut, als sie mir ganz und gar unerwartet kam: ich bin
282 460 977 526 seit Jahr und Tag ohne Brief aus Göttingen. Darf ich Sie bitten mich der Gnade
282 507 711 559 Ihrer Frau Gemahlin gehorsamst zu empfehlen?
283 556 988 603 Nehmen Sie das altdeutsche Lesebuch ohne Zürnen an: betrachten Sie es als einen Versuch
288 598 968 651 mich für so viel Güte einigermassen dankbar zu erweisen; nehmen Sie es, wenn Sie
288 647 1000 702 wollen, auch für ein Hochzeitsgeschenk. ich wusste mich nicht auf bessere Weise erkennt¬
286 710 732 759 lich zu zeigen, und wollte is doch gerne irgendwie thun.
286 741 1007 807 Endlich kommen nun auch die vielen Bücher, die ich so lange habe hier behalten dürfen,
