1182 993
259 24 965 98 zu ihrem Herrn zurück; mit ihnen einige andre, die Ihnen auch schon laengst gehoeren,
259 87 992 166 von Lachmann und Hoffmann (mochten Sie so gütig seyn das andre Exemplar der Fragmenta
259 144 968 206 theotisca nach S. Gallen zu befördern?) so wie eine kürzlich von Prof. Hagenbach und
268 198 1002 254 mir herausgegebene Sammlung neuerer Gedichte, die den Armen im Gebirge bereits tausend
266 240 861 297 Franken eingetragen hat und, so Gott will, noch mehr eintragen wird.
262 291 977 355 jenen Studenten, von dessen Unglück ich Ihnen vor bald einem Jahr geschrieben, habe ich
264 338 993 387 seit dem December, wo ich ihn aus einer Heilanstalt im Badischen abgeholt, wieder hier,
262 389 998 450 er ist so gut wie hergestellt, nur dass ich immer noch der Einzige bin zu dem er Zutrauen besitzt
262 440 987 505 (den Eltern ist er entfremdet, zum Theil nicht ohne ihre Schuld); er studiert
260 488 565 540 und dichtet dass es eine Freude ist.
260 534 991 589 ich weiss nicht ob ich auch für den zweyten Band, dessen Druck unverzüglich beginnen soll,
260 601 992 634 ebenso förderliche Unterstützung von Ihrer Güte erwarten darf. Wenn ich nur recht bald
268 627 992 692 erführe wie Sie mit dem ersten zufrieden sind. gönnen Sie mir darüber einige freund¬
265 682 390 748 liche Zeilen.
259 733 620 786 Mit Widerholung meiner Bitten und Wünsche
655 774 861 838 Ihr gehorsamst ergebener
734 857 933 934 Wilh. Wackernagel Dr.
