1723 2569
356 369 1538 446 der verheissenen zweiten Sendung, und gar einer Sendung von anec¬
358 473 1568 543 dotis entgegen. Ist es Ihnen nicht bequemer, mir den ganzen Frau¬
368 565 1568 637 endienst selbst herzuschicken? Dann kann ich Ihnen die Mühe
364 665 1544 738 des Abschreibens ersparen. Er würde Ihnen dadurch nicht lange
372 761 1564 836 entzogen werden: ich weiss in dem Buche schon Bescheid, da ich es
374 861 1400 938 bereits einmahl ganz für Lachmann abgeschrieben habe.
378 957 1584 1032 ich schreibe diese wenigen Zeilen an dem ersten von dreyen für Lehrer
374 1055 1546 1128 und Schüler drangvollen Tagen, denen der öffentlichen Prüfung.
364 1150 1560 1226 Ist die abgethan, so kommen endlich anderthalb Wochen Ferien, auf
382 1247 1574 1324 die ich mich diesmahl freue, wie ich mich nie als Schüler darauf
388 1343 642 1414 gefreut habe.
384 1421 1574 1510 Gott behüte Sie, hochverehrter Herr Baron, in Ihrem stillen Kloe¬
390 1522 1414 1596 sterli und erhalte Sie im gewohnten Wollwollen für
922 1621 1380 1700 Ihren ganz ergebenen
974 1989 1414 2076 Wilh. Wackernagel Dr.
