1723 2569
1118 132 1400 220 Basel 21/4/34.
546 460 1018 547 Hochverehrter Herr Baron,
334 802 1492 880 mit dem besten und herzlichsten Danke für Ihre grosse Gefälligkeit
328 912 1508 995 sende ich Ihnen beifolgend die vier Bände Liedersaal, den dritten
324 1022 1496 1105 Band der Myllerischen Samlung und die Moerin wiederum zurück.
326 1137 1464 1216 Verzeihen Sie die lange Verzoegerung gütigst damit, dass ich den
328 1241 1470 1326 dritten Band des LS. jezt zum ersten Mahle gelesen habe. Gleich
324 1343 1446 1424 das vorderste Stück, die listigen Weiber ist meisterlich vorgetragen
330 1453 1296 1538 und muss noch in die ältesten besten Zeiten gehoeren.
320 1556 1420 1638 Zu den vielen Handschriften das Gedichtes von den vii. weisen
310 1660 1426 1740 Meistern kommt noch eine hiesige, und sie allein enthält den
324 1761 1370 1842 Namen des Verfassers; es ist der Büheler, der auch die
320 1861 1420 1948 Koenigstochter von Frankreich gedichtet hat. Ausserdem habe
334 1970 1484 2046 ich neulich noch manche andre nicht"unamüetige" Handschrift
324 2068 582 2142 herausgesucht.
332 2165 1552 2250 Jezt sehe ich mit Begierde dem neuen Merkmale Ihres Wollwollens,
1474 2264 1534 2341 der
