<?xml version="1.0" encoding="UTF-8" standalone="yes"?>
<PcGts xmlns="http://schema.primaresearch.org/PAGE/gts/pagecontent/2013-07-15" xmlns:xsi="http://www.w3.org/2001/XMLSchema-instance" xsi:schemaLocation="http://schema.primaresearch.org/PAGE/gts/pagecontent/2013-07-15 http://schema.primaresearch.org/PAGE/gts/pagecontent/2013-07-15/pagecontent.xsd">
    <Metadata>
        <Creator>prov=READ-COOP:name=TrHtr:version=2.19.0:model_id=51170:date=24_10_2024_18:30</Creator>
        <Created>2024-10-20T21:30:34.458+02:00</Created>
        <LastChange>2024-12-15T17:33:03.160+01:00</LastChange>
        <TranskribusMetadata docId="4726786" pageId="80681051" pageNr="1" tsid="212635880" status="FINAL" userId="19940" imgUrl="https://files.transkribus.eu/Get?id=BKDEKACFEPJRCISJVJMXCDWM&amp;fileType=view" xmlUrl="https://files.transkribus.eu/Get?id=HIBXPHMXOPKYIHSEKHQHWZLI" imageId="66118620"/>
    </Metadata>
    <Page imageFilename="PA 82a B 9_Seite_071.jpg" imageWidth="1296" imageHeight="1636">
        <ReadingOrder>
            <OrderedGroup id="ro_1740689831688" caption="Regions reading order">
                <RegionRefIndexed index="0" regionRef="tr_1"/>
            </OrderedGroup>
        </ReadingOrder>
        <TextRegion orientation="0.0" id="tr_1" custom="readingOrder {index:0;}">
            <Coords points="264,106 264,1266 926,1266 926,106"/>
            <TextLine id="tr_1_tl_2" custom="readingOrder {index:0;}">
                <Coords points="260,332 269,333 274,329 282,332 303,319 306,322 314,322 312,279 306,279 302,275 296,278 284,272 278,275 270,270 257,275"/>
                <Baseline points="264,312 290,314 316,314"/>
                <TextEquiv>
                    <Unicode>134.</Unicode>
                </TextEquiv>
            </TextLine>
            <TextLine id="tr_1_tl_3" custom="readingOrder {index:1;}">
                <Coords points="484,345 555,342 640,368 670,346 692,353 712,338 774,345 772,300 721,290 482,301"/>
                <Baseline points="488,324 514,326 540,327 566,328 592,329 618,331 645,332 671,332 697,334 723,334 749,335 776,338"/>
                <TextEquiv>
                    <Unicode>Eppishausen am 3 August 1836.</Unicode>
                </TextEquiv>
            </TextLine>
            <TextLine id="tr_1_tl_4" custom="readingOrder {index:2;}">
                <Coords points="269,404 921,433 919,385 890,379 267,351"/>
                <Baseline points="274,388 306,390 338,392 371,394 403,397 436,398 468,398 500,398 533,398 565,399 598,402 630,402 662,404 695,406 727,406 760,408 792,410 824,411 857,413 889,415 922,418"/>
                <TextEquiv>
                    <Unicode>Was muß ich hoeren 1 gestern abends kam herr Diaconus Pupikofer zu mir,</Unicode>
                </TextEquiv>
            </TextLine>
            <TextLine id="tr_1_tl_5" custom="readingOrder {index:3;}">
                <Coords points="283,451 721,453 817,462 843,487 913,466 893,436 702,411 664,430 282,403"/>
                <Baseline points="288,438 319,440 350,442 381,446 413,448 444,448 475,448 507,445 538,445 569,446 601,447 632,448 663,449 694,451 726,453 757,455 788,456 820,456 851,459 882,462 914,464"/>
                <TextEquiv>
                    <Unicode>und sagte mir, daß Sie mich diesen kommenden herbst noch besuchen</Unicode>
                </TextEquiv>
            </TextLine>
            <TextLine id="tr_1_tl_6" custom="readingOrder {index:4;}">
                <Coords points="289,498 840,512 829,475 289,461"/>
                <Baseline points="294,492 321,494 348,496 376,496 403,497 431,498 458,497 485,497 513,497 540,496 568,496 595,498 622,498 650,500 677,500 705,501 732,502 759,503 787,504 814,505 842,506"/>
                <TextEquiv>
                    <Unicode>würden, wenn ich Inen durch einige zeilen dazu anlaß gaebe.</Unicode>
                </TextEquiv>
            </TextLine>
            <TextLine id="tr_1_tl_7" custom="readingOrder {index:5;}">
                <Coords points="296,552 618,549 731,578 770,556 893,563 881,512 295,515"/>
                <Baseline points="300,534 329,536 359,538 389,540 418,542 448,540 478,540 507,542 537,542 567,544 597,544 626,546 656,546 686,546 715,548 745,550 775,550 804,552 834,554 864,554 894,556"/>
                <TextEquiv>
                    <Unicode>ach lieber mann! was könnte mir lieberes geschehen, als der besuch eines</Unicode>
                </TextEquiv>
            </TextLine>
            <TextLine id="tr_1_tl_8" custom="readingOrder {index:6;}">
                <Coords points="301,586 818,599 917,623 915,570 871,561 771,556 709,582 629,553 300,548"/>
                <Baseline points="306,576 336,580 367,582 397,584 428,584 459,584 489,586 520,584 550,586 581,586 612,588 642,588 673,590 703,591 734,594 765,595 795,596 826,597 856,599 887,603 918,606"/>
                <TextEquiv>
                    <Unicode>mannes den ich von ganzem herzen hochschäze und dem ich dank schuldig</Unicode>
                </TextEquiv>
            </TextLine>
            <TextLine id="tr_1_tl_9" custom="readingOrder {index:7;}">
                <Coords points="309,630 551,651 810,639 883,660 894,610 500,616 308,586"/>
                <Baseline points="314,622 343,624 372,626 401,628 430,628 459,628 488,630 517,630 546,631 575,632 605,633 634,634 663,634 692,634 721,634 750,635 779,636 808,636 837,637 866,639 896,640"/>
                <TextEquiv>
                    <Unicode>bin, daß er mich hervorgezogen hat in seinem guten, schönen buche,</Unicode>
                </TextEquiv>
            </TextLine>
            <TextLine id="tr_1_tl_10" custom="readingOrder {index:8;}">
                <Coords points="310,677 896,678 895,655 776,644 677,638 622,663 584,643 488,656 309,635"/>
                <Baseline points="314,666 343,668 372,670 401,672 430,672 460,672 489,674 518,672 547,672 576,673 606,674 635,673 664,672 693,672 722,672 752,671 781,671 810,672 839,673 868,674 898,674"/>
                <TextEquiv>
                    <Unicode>indem er mich zu den guten Schwaben zälte. aber iezt kömmt ein schweres</Unicode>
                </TextEquiv>
            </TextLine>
            <TextLine id="tr_1_tl_11" custom="readingOrder {index:9;}">
                <Coords points="307,728 898,721 898,687 864,681 586,696 307,680"/>
                <Baseline points="312,706 341,706 370,706 400,708 429,710 459,712 488,712 517,712 547,712 576,714 606,714 635,714 664,713 694,712 723,712 753,712 782,712 811,713 841,714 870,715 900,718"/>
                <TextEquiv>
                    <Unicode>kapitel! ich soll mich bei Inen entschuldigen, daß ich auf die Dedication</Unicode>
                </TextEquiv>
            </TextLine>
            <TextLine id="tr_1_tl_12" custom="readingOrder {index:10;}">
                <Coords points="319,765 402,773 425,753 500,775 554,755 700,775 831,753 908,769 908,738 844,725 319,725"/>
                <Baseline points="324,744 353,746 382,748 411,748 441,750 470,752 499,752 529,752 558,752 587,754 617,752 646,752 675,752 704,752 734,752 763,752 792,752 822,752 851,752 880,753 910,754"/>
                <TextEquiv>
                    <Unicode>nicht geantwortet habe, daß ich dafür nicht gedankt habe. es ist eine</Unicode>
                </TextEquiv>
            </TextLine>
            <TextLine id="tr_1_tl_13" custom="readingOrder {index:11;}">
                <Coords points="315,799 903,818 892,761 851,780 315,768"/>
                <Baseline points="320,790 349,788 378,790 407,790 436,792 466,792 495,794 524,794 553,796 582,795 612,795 641,796 670,795 699,794 728,794 758,795 787,796 816,797 845,799 874,800 904,802"/>
                <TextEquiv>
                    <Unicode>ganz eigene sache, die bisher nicht ieder begriffen und verstanden hat, daß</Unicode>
                </TextEquiv>
            </TextLine>
            <TextLine id="tr_1_tl_14" custom="readingOrder {index:12;}">
                <Coords points="315,838 503,862 650,839 914,863 914,820 314,812"/>
                <Baseline points="320,830 349,830 379,834 409,834 439,838 469,838 498,840 528,838 558,840 588,838 618,838 647,836 677,836 707,836 737,838 767,840 796,840 826,840 856,842 886,842 916,844"/>
                <TextEquiv>
                    <Unicode>ich ein solcher homo inglorius bin, dem es von natur aus widerig ist, ins</Unicode>
                </TextEquiv>
            </TextLine>
            <TextLine id="tr_1_tl_15" custom="readingOrder {index:13;}">
                <Coords points="319,887 859,901 906,891 906,861 318,848"/>
                <Baseline points="324,872 353,874 382,878 411,878 440,878 470,880 499,880 528,880 557,880 586,880 616,880 645,880 674,880 703,880 732,881 762,881 791,882 820,884 849,885 878,886 908,886"/>
                <TextEquiv>
                    <Unicode>publicum zu gehen, dem die ieztlebende welt so gleichgiltig ist, daß er</Unicode>
                </TextEquiv>
            </TextLine>
            <TextLine id="tr_1_tl_16" custom="readingOrder {index:14;}">
                <Coords points="321,923 426,923 488,949 595,924 882,929 875,896 629,911 592,888 458,906 321,886"/>
                <Baseline points="326,914 353,914 381,917 409,920 437,921 465,922 493,922 521,922 549,921 577,921 605,922 632,922 660,922 688,920 716,920 744,920 772,920 800,920 828,921 856,922 884,924"/>
                <TextEquiv>
                    <Unicode>täglich sagt und wünscht: oblitus eorum, obliviscendus et illis!</Unicode>
                </TextEquiv>
            </TextLine>
            <TextLine id="tr_1_tl_17" custom="readingOrder {index:15;}">
                <Coords points="319,967 894,973 867,936 762,950 573,926 489,949 418,923 319,924"/>
                <Baseline points="324,952 352,952 381,956 409,956 438,958 467,960 495,961 524,962 552,961 581,961 610,962 638,962 667,963 695,964 724,964 753,964 781,964 810,964 838,964 867,966 896,966"/>
                <TextEquiv>
                    <Unicode>Nemen Sie es mir doch nicht übel, wenn ich daher sage, daß mir die</Unicode>
                </TextEquiv>
            </TextLine>
            <TextLine id="tr_1_tl_18" custom="readingOrder {index:16;}">
                <Coords points="331,1014 894,1022 905,968 735,985 330,971"/>
                <Baseline points="336,996 364,998 393,1000 421,1002 450,1002 479,1002 507,1003 536,1003 564,1002 593,1002 622,1003 650,1004 679,1004 707,1004 736,1004 765,1004 793,1004 822,1006 850,1004 879,1006 908,1006"/>
                <TextEquiv>
                    <Unicode>zueignung Ihres buches, so ser es mir übrigens gefallen hat, gar keine</Unicode>
                </TextEquiv>
            </TextLine>
            <TextLine id="tr_1_tl_19" custom="readingOrder {index:17;}">
                <Coords points="333,1055 900,1057 900,1020 840,1009 682,1027 333,1014"/>
                <Baseline points="338,1040 366,1040 394,1040 422,1040 450,1040 479,1041 507,1042 535,1042 563,1042 591,1042 620,1042 648,1043 676,1044 704,1044 732,1042 761,1042 789,1042 817,1044 845,1044 873,1044 902,1042"/>
                <TextEquiv>
                    <Unicode>freude machte; aber glauben Sie vest, daß ich Inen iezt, wo der</Unicode>
                </TextEquiv>
            </TextLine>
            <TextLine id="tr_1_tl_20" custom="readingOrder {index:18;}">
                <Coords points="337,1109 854,1109 854,1067 816,1052 674,1071 630,1053 337,1055"/>
                <Baseline points="342,1080 367,1082 393,1082 419,1083 444,1084 470,1084 496,1084 521,1084 547,1084 573,1083 599,1083 624,1084 650,1084 676,1084 701,1084 727,1086 753,1086 778,1086 804,1086 830,1087 856,1088"/>
                <TextEquiv>
                    <Unicode>ärger vorüber ist, doch aus dem herzen dank dafür habe.</Unicode>
                </TextEquiv>
            </TextLine>
            <TextLine id="tr_1_tl_21" custom="readingOrder {index:19;}">
                <Coords points="341,1147 908,1150 920,1116 340,1105"/>
                <Baseline points="346,1124 374,1126 403,1128 432,1128 461,1130 490,1128 518,1128 547,1128 576,1128 605,1129 634,1130 662,1130 691,1130 720,1131 749,1132 778,1133 806,1134 835,1135 864,1138 893,1138 922,1138"/>
                <TextEquiv>
                    <Unicode>alles das kam in eine zeit, wo mich die häußlichen sorgen umgaben:</Unicode>
                </TextEquiv>
            </TextLine>
            <TextLine id="tr_1_tl_22" custom="readingOrder {index:20;}">
                <Coords points="339,1186 420,1170 918,1188 918,1149 890,1139 507,1161 339,1144"/>
                <Baseline points="344,1164 372,1166 401,1170 430,1170 459,1170 488,1170 516,1171 545,1171 574,1170 603,1170 632,1170 660,1171 689,1172 718,1172 747,1172 776,1172 804,1172 833,1173 862,1174 891,1174 920,1174"/>
                <TextEquiv>
                    <Unicode>kommen Sie zu mir; so treffen Sie in litterariis nichts neues an; aber</Unicode>
                </TextEquiv>
            </TextLine>
            <TextLine id="tr_1_tl_23" custom="readingOrder {index:21;}">
                <Coords points="347,1216 663,1226 822,1209 858,1226 914,1208 914,1188 650,1177 347,1194"/>
                <Baseline points="352,1206 380,1208 408,1210 436,1210 464,1211 493,1211 521,1211 549,1211 577,1209 605,1208 634,1208 662,1208 690,1208 718,1208 746,1206 775,1206 803,1206 831,1206 859,1206 887,1206 916,1206"/>
                <TextEquiv>
                    <Unicode>ein par zwillinge Hildegund und Hildegard, welche mir mein geliebtes</Unicode>
                </TextEquiv>
            </TextLine>
            <TextLine id="tr_1_tl_24" custom="readingOrder {index:22;}">
                <Coords points="348,1261 504,1286 589,1253 649,1271 763,1243 923,1263 919,1212 596,1219 553,1239 529,1219 493,1240 350,1230"/>
                <Baseline points="354,1254 382,1254 411,1256 439,1256 468,1256 497,1255 525,1254 554,1253 582,1251 611,1249 640,1247 668,1245 697,1244 725,1243 754,1241 783,1240 811,1238 840,1238 868,1240 897,1240 926,1242"/>
                <TextEquiv>
                    <Unicode>weib im lezten frülinge brachte, hübsche gesunde fröliche kinder, </Unicode>
                </TextEquiv>
            </TextLine>
            <TextEquiv>
                <Unicode>134.&#13;
Eppishausen am 3 August 1836.&#13;
Was muß ich hoeren 1 gestern abends kam herr Diaconus Pupikofer zu mir,&#13;
und sagte mir, daß Sie mich diesen kommenden herbst noch besuchen&#13;
würden, wenn ich Inen durch einige zeilen dazu anlaß gaebe.&#13;
ach lieber mann! was könnte mir lieberes geschehen, als der besuch eines&#13;
mannes den ich von ganzem herzen hochschäze und dem ich dank schuldig&#13;
bin, daß er mich hervorgezogen hat in seinem guten, schönen buche,&#13;
indem er mich zu den guten Schwaben zälte. aber iezt kömmt ein schweres&#13;
kapitel! ich soll mich bei Inen entschuldigen, daß ich auf die Dedication&#13;
nicht geantwortet habe, daß ich dafür nicht gedankt habe. es ist eine&#13;
ganz eigene sache, die bisher nicht ieder begriffen und verstanden hat, daß&#13;
ich ein solcher homo inglorius bin, dem es von natur aus widerig ist, ins&#13;
publicum zu gehen, dem die ieztlebende welt so gleichgiltig ist, daß er&#13;
täglich sagt und wünscht: oblitus eorum, obliviscendus et illis!&#13;
Nemen Sie es mir doch nicht übel, wenn ich daher sage, daß mir die&#13;
zueignung Ihres buches, so ser es mir übrigens gefallen hat, gar keine&#13;
freude machte; aber glauben Sie vest, daß ich Inen iezt, wo der&#13;
ärger vorüber ist, doch aus dem herzen dank dafür habe.&#13;
alles das kam in eine zeit, wo mich die häußlichen sorgen umgaben:&#13;
kommen Sie zu mir; so treffen Sie in litterariis nichts neues an; aber&#13;
ein par zwillinge Hildegund und Hildegard, welche mir mein geliebtes&#13;
weib im lezten frülinge brachte, hübsche gesunde fröliche kinder, </Unicode>
            </TextEquiv>
        </TextRegion>
    </Page>
</PcGts>
