1296 1636
367 346 971 447 die uns alle tage freude machen, weil sie wirklich mit 20 wochen schon mer
380 410 978 484 sind, als andere kinder mit 40. Es wäre wirklich zu spät Inen iezt
390 449 1003 524 erst die grüße der beiden Grimme auszurichten, die ich auf meiner hochzeits¬
396 503 997 576 reise in Göttingen besuchte; aber es muß Inen genug sein zu wissen,
393 555 1002 617 daß Sie da in gutem angedenken stehen. auch der gute alte Benecke hat
394 596 996 663 Sie nicht vergessen. ich brachte einige ser vergnügte tage in Göttingen
403 631 1009 697 zu, noch mer wären sie es gewesen, wenn der gute Willhelm Grimm
401 678 993 744 nicht kränkelte. Sie haben wol von H. Pupikofer gehört, daß ich
402 719 992 784 am 9ten may das unglük gehabt habe durch einen sturz aus dem wagen
401 765 999 823 so beschädiget zu werden, daß ich noch an krüken gehen muß.
412 814 998 871 morgen reise ich in das bad nach Baden, um mich da vollends
418 846 997 907 aus zu heilen. gott gebe seine gnade dazu! aber das soll Sie nicht
419 897 1011 945 abhalten zu mir zu kommen, mein herz gehet nicht an krüken,
417 927 995 994 und bis ende dieses monats bin ich wieder zu hause, nämlich
415 984 996 1030 von Baden im Aargau, dem alten castellum thermarum.
394 1008 984 1076 Ich wollte Inen herzlich gerne mer schreiben; aber meine frau
395 1070 980 1122 manet mich einzupaken; machen Sie uns also auf den herbst die
397 1110 992 1175 freude Ires besuches und seien Sie des herzlichsten empfanges ver¬
399 1153 604 1205 sichert, von Irem
675 1178 769 1237 ergebenen
737 1221 895 1296 Joseph v. Laßberg.
