1276 1636
381 260 1006 336 Aus dem beiliegenden Briefe werden Sie ersehen, daß ich dem H. Marquard Wocher
379 321 1004 360 weder für den transport des altares, noch für sonst etwas einiges schuldig geblieben
385 353 1019 387 bin, daß und wie derselbe solchen aus einander zu nemen, mit blendramen versehen
389 386 1014 423 zu lassen und mir zuzusenden gedachte, endlich daß der altar in einer großen kiste lag,
391 412 978 441 aus welcher Wocher eine kleinere wollte machen lassen, um die stüke einzeln
393 441 1000 472 darein zu paken. wollen Sie die freundschaftliche gefälligkeit haben, auf eben
391 474 976 515 solche weise damit zu verfaren; so werden Sie mich recht ser verbinden.
389 507 980 537 Wochers brief bitte ich mir wieder zurük zu senden: es ist der lezte den er mir
389 533 1000 574 schrieb, ich möchte in gerne zum andenken, an die 40iärige freundschaft, die
379 572 993 604 zwischen uns bestund, auf behalten. Da von Basel gewiß frachtwagen nach
381 595 995 636 S. Gallen und Rorschach gehen; so wird die kiste auf diesem wege am besten
379 632 1006 663 hieher gelangen, mein hauß liegt ia an der straße nach Rorschach. alle sich ergebende
379 657 848 686 kosten werde ich mit dem verbindlichsten danke erstatten.
372 687 1018 734 wie ser bedauerte ich Sie des schlechten wetters wegen, das Sie auf Irer reise verfolgte;
379 717 989 764 nun bin ich doch dadurch getröstet, daß Sie in Zürich noch einige ausbeute gemacht
379 748 996 791 haben; auch Aurelius Cicero, der bald nach Inen mit dem Professor Baiter hieherkam,
383 789 1000 818 sprach mir von der teutschen logik und rhetorik des XI. Jarhunderts: nun das ist ein guter
385 816 986 853 fund! aber ich bedaure Irren den VII. band der Aretinischen beiträge nicht senden zu
385 844 999 880 können; ich besize nur die 6. hefte des 3. und iene der iargänge 1805 und 6.
389 881 1007 925 wenn Sie aber wollen; so bin ich bereit das verlangte in Schafhausen oder Zürich
389 915 663 949 zu entlenen und Irren zu senden.
385 916 1007 979 wie schmerzlich fällt auch mir der tod der frau von Hassenpflug in Cassel; mitten
389 975 1019 1019 in den besten iaren und aus der mitte einer liebenden familie wurde sie hinweggerafft.
387 1013 1001 1049 ich weiß wie die brüder Grimm diese schwester liebten, wie tief muß ire trauer sein.
389 1038 1000 1085 ich fürchte mich an Jacob zu schreiben, und bin frohe in nun später zu sehen,
389 1074 985 1108 da wie ich hoffe, die zeit schon woltätig auf seinen schmerz gewirkt hat.
437 1085 1014 1131 Der schluß Ires briefes: aus dem studiren wird in diesen zeiten nicht viel,
379 1121 994 1158 muß nun umgekeret werden. gerade in den zeiten der trauer muß man sich
391 1149 994 1183 den musen in die arme werfen! diese freundlichen schwestern sind die besten
397 1180 991 1211 trösterinnen in trübseligen zeiten, sie beruhigen und erheitern das leidende
395 1202 996 1244 gemüte, sie ermutigen es und lassen zulezt wieder die hofnungssonne hinein
397 1227 1002 1280 scheinen: ich habe dies überzeugend an mir erfaren, und glaube daher an diese
395 1266 996 1303 arznei und empfele sie iedem betrübten. Hat uns der Nibelunge liet stark
393 1291 982 1321 bewegt; so lassen wir uns iezt durch die klage rüren! fata viam
388 1317 495 1368 expedient!
