1285 1636
278 283 310 334 147
689 239 873 311 Eppishausen 13. Aug. 33
321 287 860 343 Quomodo sedet sola civitas plena populo! facta est quasi vidua!
297 334 918 378 Non est qui consoletur eam ex omnibus charis eius: omnes amici eius spreverunt
299 376 668 409 eam et facti sunt ei inimici. Hieremias.
287 427 908 454 Wer sich selbst aufgiebt, ist bald von allen verlassen! Basel ist verloren; weil es sich
301 453 896 504 selbst verlassen hat! quis temperet a lachrimis! multis bonis illa flebilis occidit!
303 488 894 525 aber, wer nicht krieg zu füren weiß, tut wol den frieden zu kauffen! nun
303 524 902 555 fürchte ich die haben felgeschossen, die da glauben in um die schande eingehandelt
309 548 906 590 zu haben; denn iezt werden die tage der trübsale erst angehen. So eben las ich
305 587 904 616 in Ludens geschichte des teutschen volkes nachstehendes: "aber ankläger der gesinnungen
305 613 925 661 liessen von ieher selten ab und waren noch seltener zu widerlegen. dieselbe leidenschaft,
299 650 908 678 die zum ersten schritte trieb, fürte weiter. iede eigne äusserung, iede fremde be
303 672 927 711 wegung, ward zum beweise. Die natur verlor ir recht, der verstand seine ere;
289 699 918 746 das entfernteste wurde zum nächsten gezogen, und das entgegengesezte zum gleichen
311 734 932 775 gezält. aus angst, scham und dem gefüle eigener verdorbenheit entstand ein unaus¬
305 762 922 810 löschlicher hass und eine wilde verfolgungwut, die nicht eher geheilt ward, bis man
309 797 924 844 die gewalthaber zur teilname an der sünde gebracht hatte und bis das opfer gefallen
301 831 928 876 war." Sehen Sie hier die neueste geschichte der Schweiz und die zukunft Irer stadt!
303 869 912 914 wie schön und folgerecht hatte Basel sich benommen; wie inconsequent hat es auf
303 893 893 932 einmal geendet! wer hätte das erwartet? vitam, praeferre pudori!
307 928 908 964 et propter vitam vivendi perdere causas. - ich weiß wol, mit reden und schreiben
303 956 927 991 ist iezt nichts auszurichten; auch ist die sache so gründlich verdorben, daß sie nicht
299 992 906 1024 wieder auf einen vesten grund kommen kann; aber was ist nun anzufangen?
303 1020 914 1058 ich antworte wie die durch das erdbeben /: 1783 :/ verschüttete frau in Calabrien:
311 1055 916 1096 warten! warten und nicht verzagen! am schlusse meines Schwabenspiegels von 1287
316 1087 916 1119 stehet: "Swer danne z' aller zituffe daz reht sprichet, der gewinnet mangen
302 1115 900 1155 vint. des mac sich der biderbe man gerne trösten. durch got vnd durch
306 1140 912 1171 sin ere, daz er die vintschaft hab durch daz reht. vnd wizzent,
313 1165 918 1200 swer daz reht gerne stäte hat, dem hilfet got, vnd ist ofte sehin worden
313 1192 917 1236 an manigem man, die mangen widerstrit hatten, dar vmb, daz
311 1213 571 1252 sie dem rehten gestunden."
283 1218 910 1275 Ich kann Inen nicht genug sagen, wie tief mich diese iämmerliche katastrophe betrübt
289 1257 927 1293 hat und wie viele traurige folgen ich daraus hervorgehen sehe. Gott walts! denn dieser
293 1282 919 1320 allein könnte noch helfen; aber die zeiten der wunder sind vorbei! so wie die zeiten
295 1303 925 1344 der treue und des glaubens. Ich glaube nicht, daß die fremden mächte sich in den handel
301 1325 922 1386 mischen, noch viel weniger tätig einschreiten werden. Diz Liet haizet div Lklage!!!
