1285 1636
299 277 927 350 Aulrelius Tigurinus muß in St. Gallen noch manches gefunden haben; weil er
305 325 922 377 sich über 14 tage da aufhielt; dies gehet aber wol nur auf classische literatur.
299 362 905 415 Er äußerte hier gute hofnungen für seine alma Tigurina, und bedauerte
309 398 930 459 den mißgriff den er bei Ettmüllers berufung gemacht hat. von politik
307 446 913 493 vermied ich aus guten gründen zu sprechen. die erliche haut schien mir
306 479 846 532 auch schon ganz endoctrinirt zu sein. Habeat sibi!
303 508 928 563 In dem literarischen nachlasse und collectaneen meines freundes Arx
311 545 906 599 bin ich auf einige merkwürdige historische urkunden gestoßen;
315 578 907 627 aber nichts quod ad theotiscam facit, ließ sich entdeken. In
311 614 931 666 diesen unpoetischen zeiten, wendet sich das gemüte lieber zu der
313 636 933 690 geschichte, nicht zu der unserer tage, welche kleinlicht und gemein
313 673 908 708 ist; sondern zu der des mittelalters, in demselben erscheinet auch
308 692 926 749 selbst das laster mit geist und kraft, und hat durch tat und tüchtig¬
309 734 903 778 keit seinen wert behalten. die gegenwärtige zeit erscheint dagegen als
307 754 925 799 niederdrükend und vernichtend, man erblikt überall nichts als
303 798 926 837 eine feige kriecherei vor dem volk, oder vor den fürsten, sittenlosigkeit, unver¬
305 828 920 875 stand und eine wütige umwälzungssucht. Eben hiedurch wird unsere
315 867 905 901 zeit dem manne von kopf und herz so schwer zu ertragen. was den
307 888 938 942 vätern heilig war, wird iezt herabgesezt und verachtet; aber das schlechte
311 925 892 965 und gemeine wird hinaufgehoben und oft sogar auf den altar gestellt.
307 961 911 1001 überall will man iezt durch angst und schreken und gräuel die
313 985 907 1026 friedlichen menschen aus iren verhältnissen und gewonheiten aufrütteln,
307 1018 892 1065 verblüffen und iren verstand gefangen nemen. o he! iam satis!
317 1047 921 1085 Einer meiner haußgenossen, Dr. Liebenau ist in Baden, um seine einge¬
311 1081 932 1126 weide zu stärken; gienge er auf die tagsazung so würde er lernen, wie
305 1116 919 1157 man one alle eingeweide sich recht wol befinden kann. der candidatus
305 1144 842 1186 iuris, vetter Max, erwiedert Iren gruß auf das freundlichste.
323 1166 654 1216 Leben Sie wol, gott befolen von
598 1190 663 1241 Irem
726 1214 815 1276 ergebensten
736 1248 845 1305 JvLaßberg.
288 1206 614 1277 Ser begierig wäre ich zu erfaren, ob meine
297 1261 674 1294 vermutung wegen des Colmarer codex der meister¬
291 1286 699 1328 sänger einigen grund hat? oder was des H. Neukirch
295 1313 610 1365 handschrift denn eigentlich enthaltet?
642 1301 939 1379 Dabam ex villa epponis XIII. augusti.
763 1350 867 1387 mdcccxxxiii.
