1296 1636
537 292 847 391 Eppishausen am 30. März 1838.
297 365 523 431 Vererter Herr Professor!
263 432 916 524 Um unsern freunden und verwandten unsern künftigen wonort recht bald, in einem, wenn
267 504 882 571 auch nicht kunstreichen bilde, vergegenwärtigen zu können, zeichnete meine frau solchen
281 557 902 609 flüchtig und eiligst ließen wir solchen in Constanz lithographiren: hier folgen ein
281 604 877 659 par exemplare davon für Sie und Ire frau gemalin; damit, wenn Sie einst, die
284 638 872 690 küsten des Bodensees bereisend, nach Meersburg kommen, auch wissen, wo Sie
292 684 884 752 einkeren sollen. Sie werden schon aus dem bildchen ersehen, daß es eine gute, wonliche
296 732 883 790 und geräumige alte burg ist, ganz frei an der sonne gelegen, mit vielen hellen,
294 765 891 836 hohen und freundlichen gemächern von denen man herrliche aussieht über den ganzen
294 807 897 874 Bodensee auf die schwäbischen, tyrolischen und schweizerischen alpen hat; auch wächst
290 852 893 904 zu Meersburg ein weinchen, das dem Eppishauser an güte, kraft und annemlichkeit
296 881 901 945 kaum nachstehet. was will man mer, wenn sich der besuch lieber freunde noch dazu
298 917 573 974 füget? bene est, nil amplius oro!
315 943 916 1024 Jezt bin ich mit einpaken meiner bücher beschäftiget, multorum camelorum onus!
303 993 911 1059 und bald werde ich an die handschriften kommen; ich erwäne dieses beiläufig, damit,
303 1042 916 1088 wenn etwa die am 18ten octobers von hier nach Basel gereiseten dort entberlich werden
306 1078 900 1143 sollten, sie die reise nach dem alten Schwabenlande, um guter gesellschaft willen,
313 1116 656 1165 mit iren hiesigen kameraden antretten könnten.
301 1135 871 1213 Nach langem zwischenraume habe ich vor kurzem wieder einmal eine pergament
304 1194 875 1258 handschrift des XIV. Jarhunderts erworben, ein schöner wolerhaltener codex: es ist ein
305 1226 867 1298 lateinisches Martyrologium oder heiligenlegende, wie sie per circulum anni in der
