1296 1636
378 448 1025 530 katholischen kirche gefeiert werden. da der verfasser, in dem leben Karl des großen, ganz dem
386 506 1024 571 Turpinus gefolgt ist; so ist diese recension wol iünger als das Martyrologium Bedae,
397 548 1001 624 und da sie die S. Galler Heiligen: Othmar, Gallus und Notker enthält, auch noch
400 599 1010 658 iünger als ienes des Usuardus, das er Karl dem III. diken zu eignete. Je nun, es ist
403 641 809 706 doch immer etwas; regnets nicht, so tröpfelts doch!
402 686 994 753 In der Baseler Zeitung lezten Jares N. 49. seite 216. lese ich unter den ankündigungen,
402 722 1014 792 daß bei H. von Speyr dem ältern. zum grünen Helm. N. 415. für 2 bazen, ein
410 773 984 838 gedruktes verzeichniß seines Antiquitaeten und kunst kabinets zu haben seie.
415 814 1053 874 da ich doch gerne den inhalt dieser, von dem besizer selbst reich genannten, sammelung
412 843 1020 913 kennen lernte; so wage ich es Sie vererter Herr! zu bitten, mir bei rüksendung
407 898 1044 957 meiner bücher ein exemplar beizulegen, und mir die 2 bazen bis zu nächster gelegenheit
409 922 1015 989 zu borgen, auch möchte ich erfaren: ob H. von Speyr nicht etwa mit gegenständen
411 970 722 1026 seiner sammelung handelt oder tauscht ?
401 994 1024 1053 Von unserm guten Jacob Grimm habe ich die längste zeit nichts erhalten: da es nun gegen
403 1035 1031 1105 ostern gehet, wird er sich wol bald entscheiden müßen, ob er in Berlin oder Leipzig
403 1077 1023 1150 das kommende sommerhalbiar lesen will? das lezte wäre mir noch lieber; denn
406 1111 1023 1188 ich fürchte, daß Wilhelms brust das klima von Berlin nicht ertragen möchte. Nun muß auch
411 1159 1029 1214 Jacobs lateinisches buch, an dem er auch in Kassel ununterbrochen fortarbeitete, bereits fertig sein,
417 1191 1014 1254 wenn es noch auf die Ostermesse wandern will; ich bin ser begierig darauf, auf die
419 1239 1041 1298 tierfabel, die älter sein soll als der Reinardus, auf den Ortlieb, ob er auf einem historischen
