1296 1636
288 470 924 533 grunde wurzelt? und auf den von mir, mit meinem ganzen aparate, im abge
287 511 930 576 trettenen Waltharius und wie er die geschichte mit dem Geraldus Floriacensis nennen wird?
286 543 910 623 Sollte mir freund Jacob etwa, durch einen heimkerenden Baseler Studenten, ein exemplar
298 597 904 665 an Sie übermachen; so bitte ich recht angelegenst es mir doch, mit erstem abgehenden
300 639 483 705 postwagen, zuzufertigen.
304 682 926 754 Zum lesen und schreiben habe ich nun wenig zeit; doch lese ich eben /: im bette:/ Gervinus
300 742 900 784 geschichte der poetischen National Literatur der Deutschen. welch ein strom von beredsamkeit, welch ein
303 779 929 835 meer voll wissen, welch schneller und umfassender überblik! aber auch welch ein unbe
313 827 932 880 gränztes selbstvertrauen, welcher absolutismus im absprechen und manchmal, welche
315 850 920 922 einseitigkeit in ansieht und urteil! die demut ist doch eine förderliche tugend für
310 892 886 946 die wissenschaft; aber sie scheint nach gerade ganz außer übung zu kommen.
390 930 930 995 Die kinder sind gottlob! beide wol auf, wachsen wie die spargeln und fangen,
316 969 904 1020 bei iezt anbrechendem frülinge, an zu singen wie die voegelein des benachbarten
322 1017 909 1062 büchen waldes. alle tage neue freuden! auch die ältern sind wol und gottlob!
325 1039 913 1120 noch immer gutes mutes. Jenny grüßet Sie und die frau Professorin mit
563 1082 628 1127 Irem
714 1121 791 1175 ergebensten
768 1153 861 1213 JvLaßberg.
295 1197 900 1258 Sie haben doch wol meinen Brief vom 15 hornungs erhalten? - der Weingartner codex wird
305 1232 910 1307 in Frauenfeld für den druk abgeschrieben; dieser aber kann erst beginnen, wenn ich einmal
309 1294 904 1349 in dem alten Meersburg size und mein haupt an den thurm des königs Dagobert lene.
