1738 2669
162 288 1616 406 begraben liegen und da stiftungen gemacht haben. unter diesen fand ich
180 410 1586 518 auch das ganze geschlecht der Spervoegel von Hurden, welche da
184 538 1618 650 vom stifte Einsiedlen, durch merere generationen, das Amann amt trugen.
188 656 1552 748 und nach Ufenau kirchhoerig waren: warscheinlich ist U. von Hutten
202 788 1636 886 weder der erste noch der einzige teutsche saenger, welcher in der Ufenauer
212 904 1586 988 erde ruhet und der Minnesaenger Spervogel schon 200 iar früher
228 1008 1552 1106 da begraben worden. das Chorfenster Tab: II. Nº. 6. moechte ich
216 1115 1568 1193 lieber in die zweite haelfte des XIV als ins XIII. iarhundert versezzen.
184 1195 1568 1265 Die 3 hefte der Zeitschrift der antiquar: gesellschaft, waren mir alle 3 gleich
218 1296 1616 1382 willkommen, und ich moechte gerne ein langes und breites darüber sagen;
212 1412 1564 1493 aber das schreiben kommt mich iezt so hart an, und meine schrift hat
202 1506 1536 1600 sich sich auf eine so ungünstige weise veraendert, daß ich vast
222 1604 1552 1706 niemanden zumuten darf, sie zu lesen. die hand ist mir zwar
238 1723 1550 1809 nicht verdorrt, wie einem Koenig in Israel; aber der teufel
240 1815 954 1915 weiss, was mir hinein gefaren ist!
