1738 2669
396 186 1338 315 Hochzuvererender Herr Professor!
166 434 1564 685 Da ich eine wolverdiente Schelte von Inen und dem guten
172 604 1604 833 Zürcheren erwartete, werde ich nicht nur mit güte und nach¬
154 732 1570 967 sicht; sondern mit weunn hoechst angmemen geschenken über¬
154 858 1612 1085 heuft!!! aber alten leuten muss man viel zu gut halten und
184 992 1570 1223 es freut mich, daß man auch in Zürich so denket. Lieber Gott!
200 1120 1596 1375 und alt wollt Ir iunge Herren alle doch auch werden, und
188 1250 1590 1499 es wird euch dann eben so wol tun als iezt mir, wenn freund-
196 1398 1572 1615 liche nachsicht gegen euch geübt wird. ich will mich also lieber selbst be¬
174 1519 1590 1731 als entschuldigen, und neme, die erwiesene vergebung, wie
184 1637 1490 1849 die Iuristen sagen, utiliter an! und nun zu den mir so werten
202 1761 1546 1965 geschenken. Die Gesichte der mir ser wol bekannten I. Ufenau,
216 1886 1560 2101 hat mich ser erfreut und mir scheint, daß nun da alles beisammen
218 1998 1528 2213 stehet, was man davon weiss und ie wissen wird. nur eines
244 2112 1620 2355 habe ich ungern vermisst! eine erwaenurg des Ufenauer iarzeiten¬
246 2246 1496 2466 buchs, welches nun wieder zu Einsiedeln liegt und von
266 2384 1570 2589 merern merkwürdigen leuten meldet, die auf der Ufenau
