1566 2639
95 0 503 148 erhalten am 26 Juny 1834.
1083 0 1402 161 Basel 23. Juny 34.
27 105 1461 273 am 29 Juny habe ich Im Hagens dichterleben 4to und Gabriel: Montavel in folio gesendet.
305 293 783 398 Hochverehrter Herr Baron,
175 624 1393 730 wenn ich einen Briefsteller schreiben wollte, so könnte ich jezt die schoensten
171 703 1393 829 studien machen für das Capitel von den Danksagungen: Sie geben mir
175 787 1002 881 dazu von Woche zu Woche immer neuen Anlaß.
173 844 1438 967 Die letzte sechsfache Sendung habe ich zu meiner großen Freude erhalten
175 954 1409 1040 Marien Klage war mir noch von der Pfälzer Handschrift her in ange¬
153 1027 1395 1115 nehmer Erinnerung. Amor die lieb hätte ich nach Sprache und Reim
175 1088 1404 1174 älter angeschlagen, als es dort ist (1492). Der h. Ulrich hat ver¬
184 1192 1379 1261 wunderliche Alterthümlichkeiten. Alles ist mir höchst willkommen!
232 1263 1372 1361 Es waere eine Unschicklichkeit, wenn ich Ihnen unbequem machen
182 1343 1381 1429 wollte, um es nur selber bequem zu haben: wenn ich sie mit dem
175 1423 1381 1504 Ausziehen beschwerte. Auch ohne das ist die Güte gross genug. Nur
178 1497 1382 1577 ein Übelstand ist dabei: gern hätte ich noch vor Ihrer Abreise die
187 1561 1429 1689 sendung zurückwandern lassen, wenn mir nur Pädagogium und Universität
193 1664 1432 1771 (ich lese historische syntax) und die mühselige correctur der ersten Bogen
202 1734 1434 1855 Zeit ließen, jezt Zeit liessen, für die spaeteren zu copieren. Da muss
198 1816 1450 1941 ich nun auch noch Ihre Geduld in Anspruch nehmen. Erst in einigen Wochen
202 1905 1443 2010 kommt die Ruhezeit, die ich mir zu einer Arbeitzeit machen kann, die
210 2010 544 2105 gesegneten Ferien.
210 2078 1420 2176 ich weiss nicht ob ich die geistl. Arzney u. den Fastnachtskrapfen behalten
203 2162 740 2269 darf oder zurückschicken soll?
