1596 2639
200 132 1501 260 Sie wollen mir, damit ich doch auch etwas von Ihrer schoenen Reise habe, während
202 248 1516 329 der Zeit die hagenschen Dichterleben anvertrauen: mir würde in der That damit der
209 296 1537 407 groeßte Gefalle geschehen: ich besitze nur die ersten zehn Bogen, und doch wurden
193 399 1465 483 mir die übrigen für mein Buch in chronologischer Beziehung nicht ohne
193 467 1520 565 Nutzern seyn; zudem wäre ich auf Nitharts Leben neugierig, ob es das von
197 539 1345 642 mir einmahl verfasste ist und wie es mir woll jezt noch gefällt.
190 633 1562 722 Dass Hr. vdH. es versteht, sich die Mühe klein zu maden und Buch und Honorar
195 700 1526 799 desto groesser, ist an ihm freylich nicht neu; aber das mit dem Liechtenstein
195 801 1022 883 geht doch über meinen besten Glauben hinaus.
205 862 1516 960 Wenn Sie dann zu den Minnesängern noch den Gabr. v. Montavel legen wollten
199 936 1523 1061 (Ihre Auszüge enthalten nur den Anfang, nicht auch das gleichfalls verheissene
212 1027 1496 1136 Ende), so würde sie Ihre Güte, wenn ich so sagen könnte, als vollendet be¬
204 1138 361 1206 trachten.
205 1169 1501 1273 In Orelli habe ich mich wieder finden gelernt. Ich glaube in der Hat, er hat
212 1237 1525 1355 die landschaftliche Wahl im besten Willen gegen uns angenommen (politische
214 1323 1513 1434 Parteyung kennt er wohl nur in so fern, als es ihm für die Zürcherische Ge¬
212 1400 1489 1514 Lehrsamkeit erspriesslich scheint), besonders aber aus Freude an vielen Bü¬
217 1484 1525 1612 chern und litterar. Entdeckungen. Mit dem hohen Taxieren hat er seit¬
214 1581 1528 1679 her etwas nachgelassen; zudem ist auch diese Schätzung nicht die definitive.
217 1668 1525 1759 ich habe ernsthaft und ruhig mit ihm über diese Angelegenheit gesprochen:
212 1742 1502 1862 da erklärte er es für schändlich und thoericht, es dahin zu bringen, dass die
217 1821 1513 1929 Bibliothek wegen zu hoher Veranschlagung müßte versteigert werden. Wenn
221 1922 1196 1999 er nur kein Bibliothecar waere, sondern ein Antiquar!
226 1999 1487 2088 Was meinen Sie zu der Taxe der Kunstsammlung? Die Experten der Stadt
214 2098 1427 2175 haben sie auf 16000. Fr., die der Landschaft auf 110000. geschätzt.
222 2127 1455 2271 Eins so unverschaemt als das andre. Und es kostet nur neue Directen
217 2255 575 2329 für neue Experten.
