1511 2639
171 298 1305 356 Und nun meine besten und herzlichsten Gläcxkünsche zu Ihrer Reise:
159 389 1278 457 Gesundheit und Fröhlichkeit während der Zeit und nachher, und
160 468 1275 533 litterarische und artistische Fünde, so viel der Wagen nur fassen
168 533 1306 616 mag. Und wenn sie nach Göttingen, kommen, so denken sie
168 636 1300 710 meiner bei Benecke und den Br. Grimm und bestellen sie meine
159 714 1290 799 angelegentlichsten Grüße und Empfehlungen. Gern hätte ich Sie
159 787 1350 892 auch gebeten einen Brief mitzunehmen, wenn ich nur dazu kommen
162 883 1322 952 könnte, einen zu schreiben. Wenn Sie wollen, so erzählen sie von
167 939 1323 1037 meinem altd. Lesebuch: noch weiss man dort niechts davon; ich würde,
168 1049 1367 1135 wenn erst mehr gedruckt wäre, Probeoegen schicken. Schoen waere es,
160 1122 1337 1228 wenn mir Wilh. Gr. den Freydank zusammen ließe: vielleicht
170 1188 1387 1315 traefe er noch vor Thorschluss ein; ohne dies muss ich mit dem Müller¬
171 1300 677 1391 schen Text vorlieb nehmen.
167 1341 1338 1480 Noch einmahl, leben Sie recht wohl! Mein aufrichtiger Dank und
177 1452 1346 1547 meine besten Wünsche begleiten sie. Bleiben Sie mir geneigt.
733 1583 1225 1683 Von Herzen Ihr ergebenster
911 1779 1285 1862 Wilh. Wackernagel
