1689 2593
1407 91 1546 166 1264
115 115 363 207 163.
398 132 519 207 No. 85.
691 118 1450 293 Constanz am 30 July 1825.
168 226 1548 440 Die schöne Gelegenheit, Inen mein teurer Freund,
149 358 1525 524 durch H. Registrator Rosenbäcker einen freundlichen
170 518 1512 626 Gruß zuzurufen, will ich nicht versäumen und
190 581 1518 781 Inen sagen, daß ich lezten Montag meine Schwieger¬
178 704 1525 886 tochter, welche Inen mit mir noch viel mal herzlich
177 811 1479 999 für alle erwiesene Liebe u. Freundschaft danket, von
173 913 1532 1109 hier nach Worblingen zu einem Freunde H. v. Soumard
175 1032 1458 1248 begleitet habe und dort in der Registratur einige
163 1152 1458 1356 interessante Urkunden fand, wovon besonders die
173 1222 1544 1472 Eine von 1444, über die Familie Holbein einen ganz
170 1332 1541 1542 unerwarteten Aufschluss giebt. Erik Holbein wird
170 1421 1505 1666 darin als der Stifter des Selhauses in Ravensburg
178 1522 1534 1739 aufgefüret. Ich hoffe dem H. Albr. Hegner durch
171 1645 1515 1830 Mitteilung derselben einiges Vergnügen zu machen.
230 1799 1544 1976 Ich durchstrich v. Worblingen aus den sogenannten
185 1889 1551 2070 Schiener Berg, besuchte die uralte Schrotzburg, in
202 2036 1498 2194 welches vor ein Par Jaren einige 40 röm. Silber¬
190 2175 1510 2331 münzen ausgegraben wurden, und fand der Sage
199 2290 1556 2425 nach, die von dem alten Hattinger in seiner Kirchen¬
