1699 2592
145 154 1467 321 Geschichte. I. pag. 482 gewagte Angabe, daß dieses die
157 286 1537 444 Diepoldsburg seie, wohin Berthold u. Erchanger den
176 396 1504 555 gefangenen Bischof Salomon III verborgen haben,
194 513 1549 671 ganz warscheinlich. Ich besuchte auch Schinen, wo
157 636 1512 807 der allgemeinen Sage nach die ersten Christen dieses
175 754 1538 932 Landes, vor den Verfolgungen der Römer fliehend, sich
164 894 1535 1046 sollen angebaut haben: halte aber dafür, daß es wol
175 1006 1507 1172 möchten Leute gewesen sein, die zu Anfang des 10 Jar¬
164 1112 1519 1259 hunderts, vor den alles überschwemmenden und zer¬
176 1235 1505 1411 störenden Hunnen, in diesen beinahe unentdekbaren
164 1359 1521 1505 Bergkessel sich geflüchtet haben. In Stein fand
178 1449 1580 1664 ich H. Pfarrer Kirchhofer abwesend und ging unauf¬
189 1582 803 1739 gehalten hieher zurück.
206 1694 1495 1855 Nun mein Freund! hätte ich eine kleine Bitte an den
199 1828 1568 1985 glüklichen Besizer des Codex trad. S. Gallensium.
206 1959 1516 2096 In Neugarts Cod. diplom. Alamanniae Tom. I.
182 2045 1502 2221 Urkunde CIII. Traditis Gringi, sind ausge¬
192 2172 1558 2305 lassene Stellen, besonders post Verba: Gallone,
213 2282 1517 2438 Gringi und: Visus sum habere. Könnten Sie
