1683 2593
161 194 1543 435 die Güte haben mir diese Lüken ergänzen, oder wenn
142 383 1536 582 die Urkunde nicht zu lange ist, lieber mir dieselbe
152 507 1473 653 ganz abschreiben zu lassen, so würden Sie mich
163 623 1520 765 recht ser verbinden; freilich könnte nur die aller¬
184 741 1520 911 grosste Genauigkeit der Abschrift den gehörigen
187 812 554 937 Wert geben.
364 921 1463 1113 Hier lege ich Ihnen auch ein Zettelchen für
161 1006 1492 1188 den H. Oberst Honerlage bei, damit er siehet daß
154 1117 1539 1319 sein Name nicht von Gestern ist, und ursprünglich
166 1260 1312 1395 dem nördlichen teutschlande angehöret.
249 1338 1508 1536 Übrigens leben Sie wol, von Eppishausen aus
184 1454 869 1600 ein Mereres von Irem
895 1530 1435 1721 Freunde JvLaßzberg
