791 1158
184 258 660 309 und mir (nachdem wir schon zweymal das Unglück einer zu
192 305 646 352 frühen Niederkunft haben erleben müssen) eine längere
192 350 651 410 Trennung unerwünscht machen: da haben wir uns denn
194 400 671 442 nur sieben Stunden von hier in einem einsamen Gebirgsbade
190 453 659 509 der Landschaft niedergelassen. Uebers Jahr aber komme
188 489 647 559 ich sicherlich, wenn Gott mir diese Freude gönnen mag.
190 554 646 608 Und Sie, geliebter und verehrter Herr und Freund, Sie
188 597 657 651 sollten doch auch einmal, wenn Sie den Rhein hinunter
188 650 642 709 in die Heimat Ihrer Frau Gemahlin reisen, mit auf
186 700 642 763 dem Weg unsre alte Basilea besuchen, wo Ihnen mehr
188 751 673 814 als Ein Herz zugethan ist, keines aber (ich sage es getrost)
184 801 344 850 so wie das meine.
187 849 636 903 Aus Ihrem lieben Brief und aus den Berichten des
195 900 637 946 Ritterlichen Ehepaars ersche ich dass ich Sie um die
196 942 620 1004 schöne Rüstigkeit Ihres Arbeitens zu beneiden habe.
188 992 658 1060 Mir geht es bei den Leiden nervoeser Reizbarkeit gar
604 1030 681 1082 langsam
