791 1158
168 244 638 314 langsam von Statten. Das Altd. Lesebuch ist allerdings noch
177 296 638 352 immer nicht vollendet; und nicht mehr eraschienen als Sie in
177 358 624 406 Händen haben: jedoch wird jezt mit Eifer am Glossar
182 397 637 447 gedruckt. Vom dritten Theile des ganzen Werkes (Prosa
184 450 653 502 seit MD.) wird nächstens der erste Band Geiler v.
191 492 635 554 Keisersb. bis Zinzendorf heraus und natürlich auch
190 542 625 599 zu Ihnen hinauf kommen. Gern hätte ich Ihnen vor
187 588 662 663 einem Jahre geschickt was hier der Jubel des Buchdruckerfestes
192 651 642 718 an Poesie u. Prosa (hystorischer u. oratorischer) zu Tage
184 700 645 754 gefördert hat: aber ich habe aus dem Sturm und Drang
186 752 641 814 des allgemeinen Zugreifens kaum für mich selbst (den
188 794 665 853 Praesidenten der Festcommission) Exemplare retten können.
184 837 664 888 Damit entschuldigen Sie mich falls Sie mir gezürnt haben.
235 893 669 947 Auf das Buch, dessen Druck Sie jezo beschäftigt, bin ich
178 933 670 998 um so begieriger, als Sie über Inhalt u. Form u. Verfasser noch
172 989 682 1053 gar nichts haben verrathen mögen. Aber (damit ich auch an Sie
621 1047 670 1087 eine
