791 1158
232 216 547 250 Von Herzen verehrter Herr und Freund!
169 310 631 373 Mit inniger Freude habe ich (freylich in Folge meiner
177 357 636 417 Vacanz-abwesenheit von Basel erst nach Verlauf eines vollen
177 405 644 453 Monats) Ihren Brief vom 9 July durch meinen Nachbarn,
180 452 624 513 Herrn R.H. Burckhardt-Iselen erhalten. Mit Freude,
183 506 628 556 aber auch mit Wehmuth: denn bei diesen freundlichen
179 554 635 608 Zeilen und den begleitenden Erzählungen des Ueberbringers
187 605 636 665 fiel es mir von neuem schwer aufs Herz, wie lange ich
184 652 656 722 Sie und die verehrten Ihrigen schon nicht mehr gesehen,
184 697 628 763 dass ich Sie in Ihrem neuen Schlosse noch gar nicht
194 758 641 816 besucht habe. Jedesmal dass Ferien eintraten, habe ich
191 808 661 861 all diese Jahre gedacht: Geh. nach Märsburg, und niemals
188 845 633 909 mehr habe ich es, bald durch Arbeitsdrang, bald durch
188 906 637 962 häusliche Verhältnisse behindert, ausführen können. So
186 952 641 1011 auch wieder in den eben verflossenen Sommerferien: meine
188 998 670 1065 Frau ist in Umständen die ihr eine groessere Reise unmoeglich
620 1028 660 1080 und
