791 1158
186 238 636 321 eine neckende Frage der Ungeduld richte) was macht der
191 306 632 363 Weingartner Codex? Soll diess Juwel der altdeutschen
192 357 633 409 Liederdichtung noch länger in den Gewölben Ihrer Burg
199 404 355 454 vergraben liegen?
195 445 669 508 Endlich diessmal lassen Sie mich eine grosse Bitte, die ich in
196 497 690 555 Eppishausen, die ich bisher in jedem Briefe nur mit Mühe unter¬
195 535 697 601 drückt habe, frey heraus Ihnen vortragen: da Ihr Liedersaal
195 593 686 624 doch nicht in den Buchhandel kommt, und da man ihn nur
192 625 687 664 als Geschenk von Ihnen haben kann: so erweysen Sie auch
198 660 697 720 mir diese Freundes gunst! Und jedesfalls zürnen Sie der freyen
195 711 321 757 Bitte nicht!
199 741 675 816 Lassen Sie mich mit diesem schweren Worte abbrechen. Gott
195 807 689 860 erhalte mir Sie und Ihre Gewogenheit. Mit mir laest sich auch
199 844 695 904 mein liebes Weib Ihnen u. Ihrer hochverehrten Frau Gemahlin
199 892 685 943 angelegentlichst empfehlen, und wenn Sie (ich bitte nochmals
196 936 679 992 darum) über Basel kommen, soll Ihnen auch mein Bube eine
199 991 604 1022 tüchtige Patschhand geben. Von treuem Herzen
388 1012 601 1065 Ihr beständig ergebener
504 1057 691 1113 Wilh. Wackernagel Dr.
76 1022 211 1075 Basel 11 Aug. 41
