1166 1405
886 109 1049 172 Basel 30 Nov. 37.
395 290 648 353 Hochverehrter Herr Baron,
302 428 977 484 Ihrer Erlaubniss gemäss habe ich nachgefragt ob die Beyelsche Buchhandlung
305 481 952 546 Druck und Verlag des Weingartner Codes als vierten Bandes des Liedersaals
302 527 941 591 übernehmen wollte. Die Antwort ist, wie ich es nicht anders voraussetzen
302 581 941 643 durfte, ein freudiges ja gewesen. "Auch die Litrographien" schreibt mir
302 629 969 688 mein Schwager "wollen wir auf uns nehmen, wenn sie nicht gar zu zahl¬
302 684 954 732 reich seyn müssen; im letztern Fall wenigstens theilweise". ich habe über
307 724 935 792 das Buch selbst und über Ihre Bedingungen gesagt was ich zu sagen
305 775 960 840 wusste, so dass, glaube ich, damit der Druck alsbald beginnen könne, nun
305 831 945 891 nichts mehr fehlt als das Manuscript und die näheren Anweisungen
302 874 738 923 von Ihrer Seite. Quod felix faustum sit!
305 901 949 996 Und wie geht es in Ihrem nun bald veroedeten Schlosse? wie Ihnen
302 983 963 1044 und Ihrer verehrten Frau Gemahlinn und den lieblichen Kindern?
305 1036 952 1085 Uns hier geht es ganz wohl, und gienge es noch besser, wenn ich nicht
298 1069 963 1149 um mich ganz zu erholen auf Befehl des Arztes, faulenzen und bloss
299 1127 463 1180 vegetieren müste.
