1166 1405
348 421 915 493 Dass unter andern Göttinger Professoren auch die Brüder Grimm
317 482 934 544 eine Verwahrung gegen den von Ernst August vorgeschriebenen neuen
317 531 941 601 Eid unterzeichnet d.h. dass sie Ruhe und Erdenglück muthig auf
313 579 950 644 die Wage gesetzt haben (denn wie leicht können die übrigen Beamten
319 633 926 692 sie feige im stich lassen?) das wird Ihnen keine neue Nachricht
317 679 936 744 seyn, ich bin dieser braven Menschen wegen in ernstlicher Unruhe.
323 736 562 783 Gott wende es zum besten.
321 771 948 830 Für den Hugo von Montfort würde ich Ihnen danken müssen, auch
320 830 935 886 wenn ich ihn nicht so schön für das Lesebuch brauchen könnte:
320 878 971 918 solche Freude habe ich an diesem merkwürdigen dreydraethigen Gewebe
317 914 731 983 von Minne-Meister- und Volksgesang gehabt.
309 976 965 1037 Leben Sie wohl, und bewahren Sie mir Ihre freundliche Gewogenheit.
317 1032 946 1081 Sammt meinem lieben Weibe Ihnen und Ihrer Frau Gemahlinn
313 1067 728 1143 mich auf das angelegentlichste empfehlend.
694 1129 890 1177 Ihr staets ergebener
725 1169 943 1248 Wilh. Wackernagel Dr.
