2874 4708
1241 143 2030 282 E. am 4. Juny 1830.
307 537 2486 703 Ich sende Inen, mein vererter Herr und nachbar!
319 788 2651 928 die Angela mit einem langen oder kurzen E. zurük
331 974 2606 1133 und um nicht in den verdacht zu kommen, als ob
373 1156 2698 1318 Ich Sie um einen verdienten rum bringen wollte;
367 1358 2442 1512 so enthalte ich mich aller bemerkungen über die
358 1529 2746 1688 einzelheiten der composition, und erlaube mir blos
385 1717 2782 1888 die, jedoch ganz unvorgreifliche, meinungsäusserung,
295 1905 2609 2059 daß es mir in dieser gestalt noch kein so eigentliches
298 2079 2719 2232 gedicht zu sein scheint und einer völligen Umarbeitung
304 2267 2579 2396 bedarf; welche Sie sich bei einem so schönen und
316 2436 2728 2596 wirklich poetischen Stoffe, nicht werden reuen lassen.
331 2603 2761 2772 auch das dem H. Folien gegebene versprechen macht es
361 2777 2564 2945 Inen gewissermaßen zum cathegorischen imperativ.
161 2980 2671 3163 Der codex traditionum augiae albae hält mich ser vest und
256 3155 2815 3368 freut mich alle tage mer; ich habe bereits 130 seiten abgeschrieben
247 3328 2707 3535 aber ich habe noch 60 weitere bis zur hälfte; dann mache
229 3507 2573 3714 ich eine pause; daneben arbeiten tapezirer, sattler,
271 3667 2698 3882 maurer und Schlosser auf wenige schritte von mir, und
310 3838 2707 4053 machen mir mit allerlei tönen und geräuschen
319 4006 2674 4218 die geduld kurz und die zeit lang. was wollen Sie?
328 4215 1782 4399 man muss leben und leben lassen!
