2874 4686
316 304 2456 451 Gestern kam er gar nicht und heute erst abends 4 ur.
286 520 2381 670 ich war gestern ein wenig an der sonne, und sie
379 731 2838 896 machte mir ser heiss. ich dachte dabei an die gallischen
325 917 2682 1082 männer, welche jezt auf dem afrikanischen Sande
358 1090 2686 1278 lagern werden und gewiss nicht in die holen hände
385 1271 2557 1460 hauchen. Da am Sonntage nicht gearbeitet wird;
388 1469 2581 1659 so könnte es wol sein, daß wir uns auf mittag
361 1654 2525 1842 in Hauptwil antreffen würden. Meine stutte
291 1848 2620 2024 leidet noch immer an einem fuße; es ist ein elend
304 2040 2662 2226 wenn man pferde hat; ich warte mit sensucht auf
373 2233 2596 2384 den augenblik, wo die Dampfwagen allgemein
352 2424 2548 2585 eingefürt werden, um mir auch einen anzu¬
346 2588 2528 2774 schaffen. Hoffentlich bekommen wir auch noch
295 2769 2614 2974 maschinen, welche wenn sie einmal aufgezogen sind,
337 2961 2525 3139 Codices abschreiben; dann will ich mir erst recht
355 3118 2626 3322 wol sein lassen und nichts als briefe schreiben.
364 3328 2736 3511 Leben Sie wol, mit groß und kleinen, die ich alle
358 3488 2766 3678 herzlich grüsse, und vergessen Sie ja nicht mir die
364 3704 2766 3896 appenzeller Zeitung mitzubringen; worin H. Freimut
310 3901 2784 4087 so strenge gezwaget worden sein soll. Bei H. Oberamt¬
346 4115 2599 4272 manns viele empfelungen von dem hofpoeten
2310 4331 2626 4480 Laßberg.
