2946 4708
226 347 2651 492 H. v. Meusebach hat mir durch einen H. David gessner
277 515 2522 667 V.D.M. der von Berlin nach dem nobile Turegum
328 679 2561 851 heimgekert ist, zwei literar. Seltenheiten gesendet;
337 849 2797 1040 aber nicht dazu geschrieben. Das eine ist der unvollendete
406 1026 2627 1202 III. band der Müllerschen Sammlung, welcher nahe an
343 1193 2573 1358 25000 verse von Conrads v. Würzburg trojanischem
307 1344 2355 1503 Krieg und sonst noch einige gute Sachen enthält.
286 1512 2525 1675 Das andere ist Kochs compendium der teutschen
304 1700 2570 1845 literatur. 2bde. in 8° welches Sie gewiss nicht one
358 1860 2540 2037 vergnügen lesen werden; ausserdem aber giebts nichts
310 2024 2731 2195 neues in Theotiscis. Wolffs Volkslieder habe
310 2227 2752 2370 ich schon zu H. Rankler bibliopega in Amriswil gesendet
304 2431 1874 2560 um zu sehen wie der man arbeitet?
358 2578 2588 2712 Follen hat mir auch die Zeichnung v. altenklingen
355 2724 2755 2899 geschikt, die aufnahme geschah von der seite der müle,
358 2918 2618 3078 und nimmt sich ganz gut aus. diese woche komme
322 3109 2710 3260 ich noch nicht an den Walter von klingen, aber montags
337 3291 2262 3442 wollen wir den erenmann aufs brett nehmen.
343 3458 2612 3597 Sie haben einen ser schönen tag zu Irer reise über den
340 3637 2606 3779 den Tannenberg gehabt, und ich bedaure den genuss
337 3813 2809 3958 dieser aussicht nicht mit Inen haben teilen zu können.
379 3981 2576 4126 aber meine handwerksleute werden diese woche
343 4136 2588 4304 noch nicht fertig. Hr. Huber macht viele und
382 4336 2098 4509 große pausen, das fördert nicht.
