2923 3690
1272 606 1851 826 Eppishausen am 5 Juny 1834.
655 732 2013 918 Nemen Sie mit dem guten willen vorlieb lieber herre! ich habe warlich nicht
667 880 2051 1019 mer zu wege bringen können. da liegt noch ein gedicht aus dem XII iarh. nach
666 972 2015 1102 einem münchner codex auf den erlichen biederen Schwaben, den heiligen Ulrich
675 1019 2078 1181 bischof von Augsburg, non invita Minerva gedichtet; aber ich käme wol iezt
662 1108 1995 1266 zu späte wenn ich erst daraus abschreiben wollte, da ich fürchten muss
676 1199 2058 1373 mit der beilage zu spät zu kommen. ach, warum haben Sie mir nicht
675 1291 2074 1475 anfangs winters von Irem vorhaben gesagt! wie viel hätte ich abschreiben,
669 1416 1623 1549 wie viel bessere auswale hätte ich treffen können.
630 1522 2078 1641 Die abbildung der krone der kaiserin Anna, deren Sie in Irer lezten sendung als beiliegend
649 1604 2074 1748 erwänen, so wie auch den beiliegen sollenden zettel, konnten meine augen, angewandter mühe
642 1690 2058 1854 ungeachtet, nicht entdeken, i. e. es lag nichts dergleichen bei. schreiben Sie es also nicht
660 1778 2069 1944 mir zu, wenn die auslagen welche Sie die güte hatten desfalls für mich zu machen,
639 1858 2080 2060 zur stunde mir unbekannt, noch nicht erstattet sind. Die goldne altartafel kaiser
653 1964 2051 2114 Heinr. II. ist doch wirklich in ser würdige hände gefallen und da wo das liecht
658 2053 1582 2195 im stalle ist, vermutlich auch bestens aufgehoben.
631 2161 2071 2403 Was für schöne sachen werden Sie uns in Irem Alt Teutschen Lesebuch sehen lassen! ich
626 2228 2011 2431 freue mich recht ser darauf. Nun sollen Sie auch wissen, daß der codex oder
631 2354 2067 2513 das Evangeliarium kaiser Ludw. des frommen seit mereren wochen der vitla Epponis
653 2480 2080 2626 angehört. den theologischen wert dieser handschrift kann ich nicht hinlänglich beurteilen,
667 2578 2069 2716 aber für die kunstgeschichte scheint er mir nicht unwichtig zu sein, das verstehet sich von
662 2623 2074 2789 den beiden bücherdekeln. der obere ist ganz mit edelsteinen überdekt, dagegen enthält
639 2715 2062 2886 der untere in silber gegrabene zeichnungen, welche mir mit ienen, welche man
628 2808 2058 2953 auf schwedischen und dänischen Runensteinen findet, nahe verwandt zu sein scheinen.
646 2897 2096 3077 Doch Sie kommen wol einmal selbst in die waldklause um das alte buch zu sehen!
