2923 3690
811 727 2223 843 Ich könnte Inen auch einen alten druk, den ich noch gar nirgends angezeigt
832 814 2246 954 gefunden habe, zum ausziehen geben. der titel ist: Amor: die Liebe. das ditz
857 906 2260 1037 büchlyn werd bekant, amor die lieb ist es genant. Dez Pfennigs art vnd vntrüw
839 1002 2239 1108 spyl, wird hye vngspart traktieret vyll, man spricht gekauft lieb hab nit
857 1089 2250 1218 wert, wird doch menicher damit versert, dise lieb kauf das ist min rot,
853 1165 2232 1306 vmb ain krützer git man ein lot. Dorynne lies vnd merk vf eben,
857 1205 2220 1351 vmb ain pfund würdst dus nit geben. es sind nur 52 blätter iedes zu
844 1304 2046 1432 62 versen, weniges felet am ende. Soll ich es Inen schiken?
853 1386 2223 1540 Jezt muß ich mich auf die reise rüsten, um Beneke und Grimms bald
862 1485 2257 1643 sehen zu können; ich denke so bis zum 25! wird es heißen Hans spann
871 1551 977 1651 ein.
880 1628 2262 1818 Ach wie traurig ist das was Sie mir von dem unglüklichen schüler sagen,
844 1735 2246 1871 den der wansinn ergriffen hat. O tausend mal lieber Tod; der tod dauert
857 1832 2211 1963 wenn er auch schmerzlich ist, nur einen augenblik; aber wansinn!
880 1899 2299 2083 ach gott! das ist ein täglicher stündlicher tod. gott gebe im ruhe dem armen!
850 2043 2220 2230 Nun ist die stunde der postaufgabe schon unvermerkt angekommen,
848 2152 2209 2375 ich muß also schließen, ich grüße Sie mein vererter herr Professor! ich
881 2260 1223 2388 bin und bleibe
1400 2317 1483 2451 Ir
1641 2379 1899 2508 ergebenster
1604 2487 1897 2655 JosephvLaßberg.
