995 1253
761 101 876 155 Basel 8/1/38
265 259 475 335 Hochgeehrter Herr Baron,
256 348 775 421 die herzlichsten Glückwünsche zum neuen Jahre Ihnen und den Ihrigen.
260 409 770 468 Wir beginnen es besser als unsre Freunde in Göttingen. Und doch, ich
260 451 759 522 wüste nicht ob ich nicht mit ihnen tauschen möchte: man hat gern
256 509 776 558 einmal in seinem Leben etwas grosses gethan, wenn man auch da¬
260 559 458 614 für grosses leiden sollte.
256 606 770 655 Dass Sie den Druck des Weingartner Codex noch aufschieben möchten,
259 650 759 720 hat mich unbehaglich berührt: ich hatte mich so darauf gefreut,
258 717 763 773 diese älteste und beste Liederhandschrift sauber ediert bald vor
256 760 763 816 mir liegen zu haben. Der Wilhelm von Orleans besitzt doch nicht
256 812 747 853 den Werth, dass er vor jener den Vorzug verdiente; und mit dem
252 856 619 905 Frauendienste ist bereits Lachmann beschäftigt.
253 916 785 955 Der Basler Du Cange ist jezt Eigenthum vom Verleger meines Lesebuches;
263 951 777 1000 ich kann Ihnen, wenn Sie michs wollen besorgen lassen, ein Exemplar für
260 1001 715 1070 16 Schw. Fr. verschaffen; ein andrer muss etwas mehr zahlen.
