995 1253
225 355 791 408 ich seufze unter dem Druck beider Theile des Lesebuches: daher die Eilfertigkeit
227 407 364 458 dieses Briefleins.
227 444 766 504 Wie lange werden Sie noch in Eppishausen verweilen? Haben Sie bereits ein
225 508 707 572 neues Heimwesen erworben? ich bin begierig zu wissen ob und wo.
228 557 758 609 Gott behüte Sie. Meine und meiner Frau beste Empfehlungen an
222 607 496 659 Ihre verehrte Frau Gemahlinn
487 642 687 718 Von Herzen Ihr ergebener
531 717 724 781 Wilh: Wackernagel Dr.
