1296 1636
465 140 782 257 Eppishausen am 27 May 1838.
79 260 364 342 Verertester Herr Professor!
67 384 1033 508 Als ich vorgestern abends durch die post ein paket von unserm lieben Jacob Grimm erhielt, freute ich mich doppelt darinne
79 453 989 562 auch etwas für Sie zu finden, einmal über die freude die Sie haben würden ob dem inhalte des buches und
91 543 996 617 dann, dass ich nun auch etwas an Sie zu senden bekam, als eine kleine erwiederung der reichen sendung
97 587 1011 668 mit welcher Sie mich vor kurzem erfreuten. Durch die zuschrift dieses auf alle weise merkwürdigen buches
111 652 1006 717 eret mich unser guter Jacob mer, als ich ie verdienen kann, und dies mal muss ich gestehen, dass ich, beim
117 689 993 786 lesen der zwei zeilen hinter dem titelblatte, wirklich eine gewisse wärme in meiner brust aufsteigen
126 737 1002 833 fülte, die sich sogar über meine 69iärigen wangen verbreitete; aber eine wenig erfreuliche nachricht
131 809 983 900 giebt mir unser teurer freund. "warscheinlich werden wir noch diesen sommer nach Leipzig
117 882 1009 969 ziehen, um wenigstens beisamen zu sein". so schreibt er, und da bleibt mir denn wenig hofnung
128 918 957 987 in und Wilhelm, vor meiner lezten reise in das unbekannte land, noch einmal zu sehen.
119 965 1044 1066 Am 10 dieses überraschte der alte Hugo aus Göttingen unsern Jacob, Wilhelm und Dörtchen mitbringend,
120 1014 1019 1117 in Cassel wo er das 50te iaresfest seines iuristischen Doctorates mit im feierte. Jacob gratulirte
127 1076 951 1159 im dazu auf einem grossen Doctorbogen in ser rürenden ausdrüken, den er mir beischloss.
144 1145 1041 1211 Heute habe ich nicht zeit mer zu schreiben; denn morgen frühe soll ein grosses schif voll kisten
157 1207 1021 1267 nach der alten Meersburg unter segel gehen; da habe ich denn den ganzen tag noch zu schreiben, zu
150 1260 1019 1337 paken und zu bestellen; also gott befolen und von uns allen mit Irer ehelichen wirtinne
174 1299 875 1403 freundlichst gegrüsst. In sichtbarer eile und mit emem steifen daumen
672 1381 824 1456 Ir ergebenster
710 1435 825 1508 JvLaßberg.
