791 1158
547 73 724 154 Basel 29 July 1838.
251 198 489 281 Hochverehrter Herr Baron,
191 312 670 388 hier endlich nach langer Verzögerung, aber doch gleich
198 369 658 441 nach meiner Rückkehr aus dem Bade abgesendet, die
191 413 668 488 drey Bücher die Sie mir vor nun bald Einem Jahre
190 473 668 536 so gutig waren zu leihen: Rudolfs Barlaam, cod.
443 516 712 589 Hugo v. Montfort, Abschrift,
438 571 649 631 Niclas v. Wyle, Druck
187 620 701 686 alle drey mit Dank von mir benützt (obschon die beiden
194 659 675 729 letzteren leider nun nicht vollständig), mit Dank
192 719 676 794 und mit Bitte um wohlwollende Verzeihung von mir
198 779 294 841 begleitet.
198 804 650 888 Mit einem mehreren will ich Sie diessmal nicht
198 865 647 946 aufhalten: Sie werden den Kopf u. alle Hände
194 925 628 986 voll zu thun haben. Nur noch meiner Frau
508 976 614 1030 ergebenste
