1296 1636
374 412 965 482 befindlich seie. es ist vermutlich die ienige welche in irem grabe
383 476 953 528 gefunden wurde, als in den 70er iaren des vorigen Jarhunderts
384 507 970 574 die St. Blasier mönche die habsburgischen leichen aus dem
379 549 972 617 Basler dome abholten. ich vermute dass diese krone wol nur
385 596 971 654 von kupfer und vergoldet sein wird; aber sie kann für die
379 644 945 700 kunstgeschichte merkwürdig sein. wenn Sie, verertester
385 693 972 753 herr! daher die güte haben wollten, mir diese krone, etwa
383 746 953 804 in der grösse eines quartblattes, abzeichnen zu lassen;
392 790 953 850 so würden Sie mich ser verbinden und ich die unkosten
399 830 964 886 mit dem besten danke erstatten. einige nachrichten über den
395 884 964 935 inhalt des hölzernen mit goldblech überzogenen altarblattes
399 906 966 977 wären mir ser willkommen. ich denke doch die Basler lassen diese
405 950 936 1004 Cymelia nicht in Liechstaller hände kommen und
408 992 705 1058 lösen sie mit Thalern aus.
426 1031 941 1087 Leben Sie wol; ich habe eine ganz bleierne hand
415 1078 981 1149 und kann nicht weiter, obschon ich noch manches
419 1125 866 1191 zu sagen hätte. Gott befohlen von Irem
731 1167 877 1237 ergebensten
773 1212 909 1276 JvLassberg.
