1286 1636
530 266 801 380 Eppishausen am 1. may. 1834.
321 354 451 414 Verertester Herr!
423 399 916 482 Seit 5 wochen durch die gicht am rechten arme invalide
323 470 889 520 habe ich meine abschriften für Sie unterbrechen müssen. Sie sehen wol
328 504 896 564 an meinen schriftzügen wie schlecht es mit dem schreiben gehet:
325 554 886 608 Ich sende Inen daher, zugleich Irem eigenen wunsche gemäss,
332 591 926 657 den Frauendienst um selbst darinne für Ire chrestomathie
339 653 918 714 wälen zu können. Die mir zurükgesandten bücher habe ich
338 692 896 748 richtig erhalten. was ich abgeschrieben habe, lege ich
337 733 866 797 hier bei. es soll aber noch einiges folgen, wenn die
339 777 886 836 schmerzen in der hand nachlassen wollen. es verstehet sich
343 820 885 890 dass es lauter anecdota sein müssen. eine gereimte legende aus
342 869 883 945 dem XII. iarhundert von St. Ulrich dem bischof von Augsburg
348 943 871 996 bedaure ich jezt nicht beihanden zu haben, sie ist der
350 983 909 1056 sprache wegen ser merkwürdig, Uhland hat sie schon
353 1024 892 1082 seit merern iaren von mir, und noch nie zurükgesendet!
347 1073 887 1135 ich habe aber darum geschrieben, wenn sie nur noch zu
344 1120 552 1177 rechter zeit kommt.
353 1163 899 1236 Ich habe in der zeitung gelesen, dass zu Basel die kirchenschäze
353 1214 880 1263 des domes geteilt werden, und dass darunter eine krone der
349 1256 886 1331 königin Anna /: warscheinlich der gemalin kais. Rudolph I.:/
