2201 2796
663 784 1816 874 zuholen: Zwar liegt Eppishausen eben nicht in der Richtung von
663 891 1852 981 Zürich nach Basel: aber ich hoffe, wir werden wohl zu einem solchen
675 1003 1807 1090 Umwege hinreichende Zeit finden. Nun ist meine Bitte dass Sie,
672 1120 1804 1208 sehr verehrter Herr Baron, mit der Rücksichtlosigkeit die ich
675 1234 1777 1319 von Ihrem Wohlwollen erwarte, mich bescheiden moegen ob Ihnen
672 1347 1837 1433 zu der Zeit mein oder vielmehr unser Besuch noch gelegen kaeme?
767 1460 1843 1547 Lassen Sie mich dieser bittenden Frage gleich noch eine zweyte
675 1568 1884 1660 hinzufügen. Es wird an einer zweyten Ausgabe meines Altd. Leseb.
684 1681 1822 1780 gedruckt. Die erste war Ihnen zugeeignet, Sie wissen aus welcher
687 1799 1843 1892 Gesinnung, aber ich weiss auch Ihnen zu welchem Verdruss. Soll ich
681 1915 1828 2000 nun wirklich bei dem neuen Druck dieses mir sehr liebe und
684 2026 1807 2116 werthe Dedicationsblatt fortlassen? oder darf ich die Zueignung
675 2143 1849 2227 widerholen, ohne dass ich fürchten muss Ihnen damit noch einmal
681 2256 1633 2342 und noch mehr zu missfallen? ich frage und bitte.
