2201 2796
1687 222 1950 307 Basel. 22. viii. 37.
704 563 1221 654 Sehr verehrter Herr Baron,
570 792 1744 880 die freundlichen Vorwürfe die Sie mir durch den jungen Ammann haben
564 905 1729 990 machen lassen, haben den schmerzlichen Verdruss womit ich vor einigen
561 1014 1771 1102 Wochen gar nicht weit von Ihrem Schlosse vorüberreisen muste, verdoppelt
564 1128 1741 1215 in mir aufgefrischt. ich reiste von Zürich aus mit meiner Braut in die
564 1245 1768 1332 appenzellischen Baeder; es war von Anfang an unser Plan auf dem Heim
558 1355 1789 1445 wege bei Ihnen anzuklopfen: da kam schlechtes Wetter; diehs und die Ungeduld
555 1476 1792 1557 unsers Begleiters, ohne den wir doch nicht reisen konnten, des Bruders meiner
555 1583 1780 1667 Braut, trieben uns auf dem kürzesten Wege wieder heim. Und wie gern
558 1695 1777 1786 hätte ich Sie noch einmal in Eppishausen gesehen, wie gern Ihre Frau
570 1811 1759 1901 Gemahlinn und die Kindlein begrüsst, wie gern Ihnen auch das Glück
564 1917 1780 2011 meines Lebens vorgestellt! ich habe schon an jenem boesen Regentage
567 2028 1774 2119 darauf gedacht, wann und wie ich mich wohl für diesen Verlust ent
570 2143 1750 2234 schaedigen könnte, und da ist mir der Wunsch gekommen etwa auf
573 2260 1789 2348 meiner Hochzeitreise d. h. gegen die Mitte October das Versäumte nachzu
1625 2379 1744 2464 holen.
