2201 2796
552 780 1678 862 Welches war, damit ich jenen zwey bedeutenderen Fragen endlich
528 890 1672 975 noch eine drite minder bedeutende, hinzufüge, der Vorname der
540 1000 1687 1084 Hätzlerinn? Clara oder wie? ich finde ihn verschiedentlich an¬
537 1114 699 1205 gegeben.
540 1228 1690 1313 Halb mit Furcht, halb mit Freude, gewiss aber auch mit treuester
537 1342 1675 1426 Ergebenheit meines Herzens seste ich Ihrer geneigten Antwort
540 1452 1705 1544 entgegen. Ihrer Frau Gemahlinn meine ergebensten Empfehlungen,
531 1568 1645 1658 Ihnen die aufrichtige Versicherung unwandelbarer Hochachtung.
1427 1798 1777 1893 Wilh. Wackernagel Dr.
