786 1181
180 254 615 317 Hoffentlich gehts Ihnen und den fernen Ihrigen wohl,
182 304 636 358 und besser als uns. Wir sind gestern vor acht Tagen
175 346 622 411 durch eine zu frühe Niederkunft meiner Frau (mit
178 399 613 462 einem todten Töchterlein) in Schrecken und Trauer
178 443 602 516 versetzt worden. Der Frau gehts besser als ich
175 489 626 568 anfangs fürchten muste: aber wir sind aufs neue
182 539 619 602 für jetzt und für laengere Zeit einer schönen
181 595 626 650 Hoffnung beraubt worden. Das sind Kümmernisse,
175 649 446 698 die mich etwas niederdrücken.
182 679 626 745 Und nun, leben Sie wohl! Noch einmal: herzlichen
181 744 616 795 Dank herzlichen Gruss in alter, staets erneuerter
179 795 427 848 Anhänglichkeit von Ihrem
399 865 581 918 aufrichtig ergebenen
447 915 657 987 Wilh. Wackernagel Dr.
