798 1190
574 72 723 113 Basel 23 Sept. 41.
267 171 525 253 Verehrtester Herr und Freund!
159 263 608 320 Herzlichen Dank für die so freundlich beschleunigte
166 308 645 360 Uebersendung der beiden Bände des Liedersaals (1. u. 3).
166 364 628 417 meine Sammlung ist nun reicher um eine stattliche
166 407 612 452 Zierde, und ich um einen Gegenstand widerholten
167 453 632 520 Studiums und gelehrten Lustwandels: man braucht
169 508 636 557 ja nur aufzuschlagen, so hat man ein schmuck abge¬
167 548 610 618 schlossenes Bild vor sich. Meinen Dank für solche
170 594 623 660 Freude auszusprechen hatte ich aufgeschoben, bis ich
174 637 635 714 ihn zugleich noch durch eine kleine Gegengabe bethaetigen
171 714 634 752 koennte. Hier ist diese nun: ein neuer Band meines
176 752 658 814 Lesebuches, der erste des dritten Theiles. Vielleicht gewährt
170 803 621 871 er Ihnen jetzt, wo Sie für einige Zeit auf Ihrer
169 854 662 923 grossen Meeresburg ganz, vereinsamt sind, die Ausfüllung
172 905 673 974 einer müssigen Stunde, sich blätternd darin umzuschauen.
169 962 651 1023 Jedesfalls stellen Sie ihn zu den übrigen, und gedenken
166 1007 455 1068 Sie meiner mit altem Wohlwollen.
