<?xml version="1.0" encoding="UTF-8" standalone="yes"?>
<PcGts xmlns="http://schema.primaresearch.org/PAGE/gts/pagecontent/2013-07-15" xmlns:xsi="http://www.w3.org/2001/XMLSchema-instance" xsi:schemaLocation="http://schema.primaresearch.org/PAGE/gts/pagecontent/2013-07-15 http://schema.primaresearch.org/PAGE/gts/pagecontent/2013-07-15/pagecontent.xsd">
    <Metadata>
        <Creator>Transkribus</Creator>
        <Created>2025-03-14T09:22:51.937+01:00</Created>
        <LastChange>2025-03-16T08:58:59.460+01:00</LastChange>
        <TranskribusMetadata docId="7419856" pageId="93465388" pageNr="36" status="FINAL"/>
    </Metadata>
    <Page imageFilename="35-MsBRH_466-56-005.jpg" imageWidth="4456" imageHeight="5312">
        <ReadingOrder>
            <OrderedGroup id="ro_1742111939460" caption="Regions reading order">
                <RegionRefIndexed index="0" regionRef="tr_1"/>
            </OrderedGroup>
        </ReadingOrder>
        <TextRegion orientation="0.0" id="tr_1" custom="readingOrder {index:0;}">
            <Coords points="167,568 167,5260 4380,5260 4380,568"/>
            <TextLine id="tr_1_tl_1" custom="readingOrder {index:0;}">
                <Coords points="167,724 366,725 565,724 765,724 964,724 1163,724 1363,730 1562,734 1761,736 1961,730 2160,722 2359,718 2559,718 2758,730 2957,743 3157,748 3356,748 3555,748 3755,748 3954,740 4154,748 4154,598 3954,590 3755,598 3555,598 3356,598 3157,598 2957,593 2758,580 2559,568 2359,568 2160,572 1961,580 1761,586 1562,584 1363,580 1163,574 964,574 765,574 565,574 366,575 167,574"/>
                <Baseline points="167,674 366,675 565,674 765,674 964,674 1163,674 1363,680 1562,684 1761,686 1961,680 2160,672 2359,668 2559,668 2758,680 2957,693 3157,698 3356,698 3555,698 3755,698 3954,690 4154,698"/>
                <TextEquiv>
                    <Unicode>ist wol keine Hofnung zu Bewerkstelligung dieser Herausgabe.</Unicode>
                </TextEquiv>
            </TextLine>
            <TextLine id="tr_1_tl_2" custom="readingOrder {index:1;}">
                <Coords points="322,939 517,939 712,945 907,945 1102,945 1297,951 1492,951 1688,955 1883,951 2078,951 2273,945 2468,951 2663,951 2858,951 3054,951 3249,949 3444,946 3639,951 3834,945 4029,945 4225,939 4225,789 4029,795 3834,795 3639,801 3444,796 3249,799 3054,801 2858,801 2663,801 2468,801 2273,795 2078,801 1883,801 1688,805 1492,801 1297,801 1102,795 907,795 712,795 517,789 322,789"/>
                <Baseline points="322,889 517,889 712,895 907,895 1102,895 1297,901 1492,901 1688,905 1883,901 2078,901 2273,895 2468,901 2663,901 2858,901 3054,901 3249,899 3444,896 3639,901 3834,895 4029,895 4225,889"/>
                <TextEquiv>
                    <Unicode>Das Gedicht, welches eigentlich nur bis zum Anfange des</Unicode>
                </TextEquiv>
            </TextLine>
            <TextLine id="tr_1_tl_3" custom="readingOrder {index:2;}">
                <Coords points="256,1213 462,1207 668,1204 874,1196 1080,1195 1287,1195 1493,1199 1699,1201 1905,1197 2111,1205 2318,1207 2524,1201 2730,1201 2936,1195 3142,1188 3349,1189 3555,1189 3761,1189 3967,1187 4173,1174 4380,1154 4380,1004 4173,1024 3967,1037 3761,1039 3555,1039 3349,1039 3142,1038 2936,1045 2730,1051 2524,1051 2318,1057 2111,1055 1905,1047 1699,1051 1493,1049 1287,1045 1080,1045 874,1046 668,1054 462,1057 256,1063"/>
                <Baseline points="256,1163 462,1157 668,1154 874,1146 1080,1145 1287,1145 1493,1149 1699,1151 1905,1147 2111,1155 2318,1157 2524,1151 2730,1151 2936,1145 3142,1138 3349,1139 3555,1139 3761,1139 3967,1137 4173,1124 4380,1104"/>
                <TextEquiv>
                    <Unicode>Appenzeller Krieges reicht, hat weder geschichtlichen noch poet.</Unicode>
                </TextEquiv>
            </TextLine>
            <TextLine id="tr_1_tl_4" custom="readingOrder {index:3;}">
                <Coords points="280,1446 483,1438 687,1434 891,1428 1095,1422 1299,1417 1503,1417 1706,1422 1910,1418 2114,1416 2318,1417 2522,1416 2726,1405 2930,1398 3133,1392 3337,1390 3541,1403 3745,1405 3949,1410 4153,1410 4357,1410 4357,1260 4153,1260 3949,1260 3745,1255 3541,1253 3337,1240 3133,1242 2930,1248 2726,1255 2522,1266 2318,1267 2114,1266 1910,1268 1706,1272 1503,1267 1299,1267 1095,1272 891,1278 687,1284 483,1288 280,1296"/>
                <Baseline points="280,1396 483,1388 687,1384 891,1378 1095,1372 1299,1367 1503,1367 1706,1372 1910,1368 2114,1366 2318,1367 2522,1366 2726,1355 2930,1348 3133,1342 3337,1340 3541,1353 3745,1355 3949,1360 4153,1360 4357,1360"/>
                <TextEquiv>
                    <Unicode>Werth und würde wol eben so gut ungedruckt geblieben sein,</Unicode>
                </TextEquiv>
            </TextLine>
            <TextLine id="tr_1_tl_5" custom="readingOrder {index:4;}">
                <Coords points="322,1679 532,1675 742,1667 953,1661 1163,1661 1374,1656 1584,1652 1795,1649 2005,1649 2216,1643 2426,1648 2637,1643 2847,1640 3058,1637 3268,1637 3479,1650 3689,1649 3900,1643 4110,1643 4321,1625 4321,1475 4110,1493 3900,1493 3689,1499 3479,1500 3268,1487 3058,1487 2847,1490 2637,1493 2426,1498 2216,1493 2005,1499 1795,1499 1584,1502 1374,1506 1163,1511 953,1511 742,1517 532,1525 322,1529"/>
                <Baseline points="322,1629 532,1625 742,1617 953,1611 1163,1611 1374,1606 1584,1602 1795,1599 2005,1599 2216,1593 2426,1598 2637,1593 2847,1590 3058,1587 3268,1587 3479,1600 3689,1599 3900,1593 4110,1593 4321,1575"/>
                <TextEquiv>
                    <Unicode>was ich mir die Freiheit nam, dem H. v. Arx schon vor mer</Unicode>
                </TextEquiv>
            </TextLine>
            <TextLine id="tr_1_tl_6" custom="readingOrder {index:5;}">
                <Coords points="310,1936 510,1928 711,1914 912,1913 1113,1906 1314,1904 1515,1896 1715,1894 1916,1888 2117,1882 2318,1876 2519,1871 2720,1870 2921,1868 3121,1864 3322,1870 3523,1870 3724,1876 3925,1873 4126,1871 4327,1870 4327,1720 4126,1721 3925,1723 3724,1726 3523,1720 3322,1720 3121,1714 2921,1718 2720,1720 2519,1721 2318,1726 2117,1732 1916,1738 1715,1744 1515,1746 1314,1754 1113,1756 912,1763 711,1764 510,1778 310,1786"/>
                <Baseline points="310,1886 510,1878 711,1864 912,1863 1113,1856 1314,1854 1515,1846 1715,1844 1916,1838 2117,1832 2318,1826 2519,1821 2720,1820 2921,1818 3121,1814 3322,1820 3523,1820 3724,1826 3925,1823 4126,1821 4327,1820"/>
                <TextEquiv>
                    <Unicode>als drei Jaren zu äußern. Auch aus dem I. Bande von</Unicode>
                </TextEquiv>
            </TextLine>
            <TextLine id="tr_1_tl_7" custom="readingOrder {index:6;}">
                <Coords points="322,2180 521,2170 721,2163 920,2162 1120,2154 1320,2144 1519,2138 1719,2144 1919,2138 2118,2133 2318,2129 2518,2121 2717,2115 2917,2109 3117,2097 3316,2097 3516,2097 3716,2097 3915,2097 4115,2097 4315,2097 4315,1947 4115,1947 3915,1947 3716,1947 3516,1947 3316,1947 3117,1947 2917,1959 2717,1965 2518,1971 2318,1979 2118,1983 1919,1988 1719,1994 1519,1988 1320,1994 1120,2004 920,2012 721,2013 521,2020 322,2030"/>
                <Baseline points="322,2130 521,2120 721,2113 920,2112 1120,2104 1320,2094 1519,2088 1719,2094 1919,2088 2118,2083 2318,2079 2518,2071 2717,2065 2917,2059 3117,2047 3316,2047 3516,2047 3716,2047 3915,2047 4115,2047 4315,2047"/>
                <TextEquiv>
                    <Unicode>Anshelms Bernerchronik habe ich wenig Trost geschöpft,</Unicode>
                </TextEquiv>
            </TextLine>
            <TextLine id="tr_1_tl_8" custom="readingOrder {index:7;}">
                <Coords points="322,2443 480,2437 638,2437 796,2431 954,2432 1112,2424 1270,2411 1428,2406 1586,2401 1744,2401 1902,2401 2060,2395 2218,2390 2376,2385 2534,2380 2692,2376 2850,2377 3008,2365 3166,2353 3324,2347 3483,2339 3483,2189 3324,2197 3166,2203 3008,2215 2850,2227 2692,2226 2534,2230 2376,2235 2218,2240 2060,2245 1902,2251 1744,2251 1586,2251 1428,2256 1270,2261 1112,2274 954,2282 796,2281 638,2287 480,2287 322,2293"/>
                <Baseline points="322,2393 480,2387 638,2387 796,2381 954,2382 1112,2374 1270,2361 1428,2356 1586,2351 1744,2351 1902,2351 2060,2345 2218,2340 2376,2335 2534,2330 2692,2326 2850,2327 3008,2315 3166,2303 3324,2297 3483,2289"/>
                <TextEquiv>
                    <Unicode>und ziehe Justinger und Tschahtlan weit vor. </Unicode>
                </TextEquiv>
            </TextLine>
            <TextLine id="tr_1_tl_9" custom="readingOrder {index:8;}">
                <Coords points="340,2682 538,2694 737,2694 936,2692 1135,2688 1333,2688 1532,2688 1731,2682 1930,2676 2128,2679 2327,2670 2526,2658 2725,2658 2923,2653 3122,2648 3321,2640 3520,2634 3718,2634 3917,2634 4116,2635 4315,2628 4315,2478 4116,2485 3917,2484 3718,2484 3520,2484 3321,2490 3122,2498 2923,2503 2725,2508 2526,2508 2327,2520 2128,2529 1930,2526 1731,2532 1532,2538 1333,2538 1135,2538 936,2542 737,2544 538,2544 340,2532"/>
                <Baseline points="340,2632 538,2644 737,2644 936,2642 1135,2638 1333,2638 1532,2638 1731,2632 1930,2626 2128,2629 2327,2620 2526,2608 2725,2608 2923,2603 3122,2598 3321,2590 3520,2584 3718,2584 3917,2584 4116,2585 4315,2578"/>
                <TextEquiv>
                    <Unicode>Eine nicht uninteressante Geschichte eines böhmischen Frey</Unicode>
                </TextEquiv>
            </TextLine>
            <TextLine id="tr_1_tl_10" custom="readingOrder {index:9;}">
                <Coords points="340,2956 537,2938 735,2932 933,2926 1131,2920 1329,2914 1527,2902 1724,2896 1922,2894 2120,2893 2318,2885 2516,2878 2714,2873 2912,2876 3109,2873 3307,2867 3505,2867 3703,2873 3901,2873 4099,2873 4297,2873 4297,2723 4099,2723 3901,2723 3703,2723 3505,2717 3307,2717 3109,2723 2912,2726 2714,2723 2516,2728 2318,2735 2120,2743 1922,2744 1724,2746 1527,2752 1329,2764 1131,2770 933,2776 735,2782 537,2788 340,2806"/>
                <Baseline points="340,2906 537,2888 735,2882 933,2876 1131,2870 1329,2864 1527,2852 1724,2846 1922,2844 2120,2843 2318,2835 2516,2828 2714,2823 2912,2826 3109,2823 3307,2817 3505,2817 3703,2823 3901,2823 4099,2823 4297,2823"/>
                <TextEquiv>
                    <Unicode>herren von Rozmital aus dem xv. Jarhundert sende ich</Unicode>
                </TextEquiv>
            </TextLine>
            <TextLine id="tr_1_tl_11" custom="readingOrder {index:10;}">
                <Coords points="346,3171 536,3159 727,3149 918,3141 1108,3136 1299,3129 1490,3128 1680,3121 1871,3111 2062,3111 2253,3107 2443,3104 2634,3093 2825,3093 3015,3086 3206,3082 3397,3079 3587,3082 3778,3076 3969,3071 4160,3076 4160,2926 3969,2921 3778,2926 3587,2932 3397,2929 3206,2932 3015,2936 2825,2943 2634,2943 2443,2954 2253,2957 2062,2961 1871,2961 1680,2971 1490,2978 1299,2979 1108,2986 918,2991 727,2999 536,3009 346,3021"/>
                <Baseline points="346,3121 536,3109 727,3099 918,3091 1108,3086 1299,3079 1490,3078 1680,3071 1871,3061 2062,3061 2253,3057 2443,3054 2634,3043 2825,3043 3015,3036 3206,3032 3397,3029 3587,3032 3778,3026 3969,3021 4160,3026"/>
                <TextEquiv>
                    <Unicode>Inen von Constanz aus. Indeßen leben Sie wol und</Unicode>
                </TextEquiv>
            </TextLine>
            <TextLine id="tr_1_tl_12" custom="readingOrder {index:11;}">
                <Coords points="358,3416 555,3410 753,3403 951,3389 1149,3386 1347,3376 1545,3380 1742,3368 1940,3368 2138,3358 2336,3350 2534,3344 2732,3338 2930,3335 3127,3328 3325,3320 3523,3314 3721,3318 3919,3314 4117,3308 4315,3314 4315,3164 4117,3158 3919,3164 3721,3168 3523,3164 3325,3170 3127,3178 2930,3185 2732,3188 2534,3194 2336,3200 2138,3208 1940,3218 1742,3218 1545,3230 1347,3226 1149,3236 951,3239 753,3253 555,3260 358,3266"/>
                <Baseline points="358,3366 555,3360 753,3353 951,3339 1149,3336 1347,3326 1545,3330 1742,3318 1940,3318 2138,3308 2336,3300 2534,3294 2732,3288 2930,3285 3127,3278 3325,3270 3523,3264 3721,3268 3919,3264 4117,3258 4315,3264"/>
                <TextEquiv>
                    <Unicode>gedenken Sie zuweilen mit Liebe Ires herzlich betrübten</Unicode>
                </TextEquiv>
            </TextLine>
            <TextLine id="tr_1_tl_13" custom="readingOrder {index:12;}">
                <Coords points="2387,3750 2456,3738 2525,3733 2595,3732 2664,3730 2734,3725 2803,3721 2872,3716 2942,3714 3011,3713 3081,3708 3150,3703 3220,3702 3289,3702 3358,3701 3428,3697 3497,3696 3567,3699 3636,3703 3706,3708 3706,3558 3636,3553 3567,3549 3497,3546 3428,3547 3358,3551 3289,3552 3220,3552 3150,3553 3081,3558 3011,3563 2942,3564 2872,3566 2803,3571 2734,3575 2664,3580 2595,3582 2525,3583 2456,3588 2387,3600"/>
                <Baseline points="2387,3700 2456,3688 2525,3683 2595,3682 2664,3680 2734,3675 2803,3671 2872,3666 2942,3664 3011,3663 3081,3658 3150,3653 3220,3652 3289,3652 3358,3651 3428,3647 3497,3646 3567,3649 3636,3653 3706,3658"/>
                <TextEquiv>
                    <Unicode>gehorsamen Dieners. </Unicode>
                </TextEquiv>
            </TextLine>
            <TextLine id="tr_1_tl_14" custom="readingOrder {index:13;}">
                <Coords points="2476,3989 2545,3994 2615,3992 2684,3989 2754,3989 2823,3989 2893,3989 2962,3989 3032,3988 3101,3983 3171,3983 3241,3983 3310,3983 3380,3983 3449,3983 3519,3983 3588,3985 3658,3994 3727,4012 3797,4027 3867,4042 3867,3892 3797,3877 3727,3862 3658,3844 3588,3835 3519,3833 3449,3833 3380,3833 3310,3833 3241,3833 3171,3833 3101,3833 3032,3838 2962,3839 2893,3839 2823,3839 2754,3839 2684,3839 2615,3842 2545,3844 2476,3839"/>
                <Baseline points="2476,3939 2545,3944 2615,3942 2684,3939 2754,3939 2823,3939 2893,3939 2962,3939 3032,3938 3101,3933 3171,3933 3241,3933 3310,3933 3380,3933 3449,3933 3519,3933 3588,3935 3658,3944 3727,3962 3797,3977 3867,3992"/>
                <TextEquiv>
                    <Unicode>Joseph v. Laßberg.</Unicode>
                </TextEquiv>
            </TextLine>
            <TextEquiv>
                <Unicode>ist wol keine Hofnung zu Bewerkstelligung dieser Herausgabe.&#13;
Das Gedicht, welches eigentlich nur bis zum Anfange des&#13;
Appenzeller Krieges reicht, hat weder geschichtlichen noch poet.&#13;
Werth und würde wol eben so gut ungedruckt geblieben sein,&#13;
was ich mir die Freiheit nam, dem H. v. Arx schon vor mer&#13;
als drei Jaren zu äußern. Auch aus dem I. Bande von&#13;
Anshelms Bernerchronik habe ich wenig Trost geschöpft,&#13;
und ziehe Justinger und Tschahtlan weit vor. &#13;
Eine nicht uninteressante Geschichte eines böhmischen Frey&#13;
herren von Rozmital aus dem xv. Jarhundert sende ich&#13;
Inen von Constanz aus. Indeßen leben Sie wol und&#13;
gedenken Sie zuweilen mit Liebe Ires herzlich betrübten&#13;
gehorsamen Dieners. &#13;
Joseph v. Laßberg.</Unicode>
            </TextEquiv>
        </TextRegion>
    </Page>
</PcGts>
