4454 5294
101 55 412 217 kopi
2157 51 4230 223 Eppishausen den 11. März 1825
466 288 1673 456 Vererter Herr!
1649 557 4314 725 Mit der angelegensten Bitte: es mir zu
161 796 4331 976 gute zu halten, daß ich Jr Buch so lange behielt und mit dem
167 1047 4373 1221 besten Dank für dessen mir gestatteten Gebrauch, sende ich Inen
173 1274 4320 1466 den IV. Band von Raumers Geschichte der Hohenstaufen hier
161 1537 4200 1717 zurük: die anhaltende Krankheit meines Freundes v. Ittner,
173 1770 4146 1968 welche vorgestern mit dessen Hinscheiden endete, erlaubte
155 2051 4272 2218 mir nicht, an Etwas anderes zu denken. Seit gestern Abends
185 2302 4331 2463 bin ich mit seiner Wittwe und Tochter hier angekommen; sie
173 2547 4218 2720 wollen die ersten Tage der Trauer in dieser Einsamkeit zu¬
215 2797 4254 2971 bringen. Gerne würde ich Irem Wunsche entsprechen und
215 3060 4242 3228 Inen den II. Band von Zapfs Monument: anecdot: über¬
191 3299 4296 3479 machen; allein, ich habe jn nicht und zweifle, ob ein solcher
179 3562 4152 3727 herausgekommen ist; doch habe ich in Augsburg deshalb
185 3807 4254 3975 Erkundigungen anstellen lassen. Die Handschrift Trutpert
185 4052 4385 4225 Neugarts zum H. Band des Episcopatus Constantiensis, liegt
203 4303 4361 4465 schon im zweiten Jare bei dem H. Graven Mülinen zu Bern,
215 4554 4146 4722 welchem der Verfasser sie zur Herausgabe überlaßen hat;
197 4793 4290 4967 aber bei der geschwächten Gesundheit dieses würdigen Mannes,
