2972 2700
176 187 1425 344 mit der Reduction des Erzählers in keiner Verbindung stehe, seine
176 314 1440 446 littarisches Urtheil als sehr oberflächlich kennen (z. B. über Heues
187 393 1420 546 diviko und Schweizergeschichte), indessen wisse, daß auch Mauer
191 508 1468 647 der alten Schule, besonders der Grav von Stullinen günstig über
186 606 1489 748 meine Arbeit geurtheilt haben. Hierauf zeigte mir die Buchhandlung
194 712 1456 845 an, daß sie Herrn Landammen Stuller-Friedberg ein Exemplar
194 808 1485 951 der Thurg. Geschichte, mit Verweisung auf den Ganzen von Nullinen
207 909 1454 1054 eingeziezt zugsandt haben. Das Schreiben das Genaam lege ich
208 1024 1468 1166 hier bei. Ich wollte es Ihnen schon früher zeigen, da hatte ich
205 1103 472 1259 es verschoben.
204 1233 1466 1378 Die Übersetzung des Apathias soll mir eine Übung seyn und ist zum
200 1327 1446 1476 Fruck nicht bestimmt. Beim bloßen Lesen nimmt man es mit den
207 1438 1477 1583 Einzelnheiten nicht genau, bestanders denkt man an den deutschen
204 1541 1464 1696 Ausdruck nicht: Ich habe er als Studias so gehalten; schwere Studi¬
197 1647 1450 1780 habe ich immer schriftlich übersetzt, und ich habe dabei erfahren, daß
204 1756 1441 1888 eine übersetzte Seite weiter fördert als zehn flüchtig gelastene.
191 1840 1459 1982 Sitten. Die beigedruckte Übersetzung des Persona fördert die
197 1954 1410 2096 habeit sehr; doch habe ich erst noch einen Bogen Handschrift,
197 2039 1166 2194 indem ich allerlei Journalssit zu fördern hatten.
189 2142 1435 2316 Herr deben Döncker fragte auch, ob die Beschreibung der Kirche zu
194 2257 1446 2411 Hall an Kristblatte wohl für Sie Interesse haben möchte;
215 2489 347 2686 its
1538 195 2793 339 ich bejahte es, und so erhalten Sie das Heft in der Beilage des
1551 285 2850 428 Englische Buch über die Borden möchte wohl für Sie auch nicht
1559 379 2801 533 unrichtig seyn; es ist im Litteraturblatt Nr. 95. angezeigt.
1552 533 2857 682 Ihre Aufträge sollen möglichst gut bestorpt werden. — Das Stargenblatt
1541 650 2749 774 wünscht Herr deben darüber an Dienstag wieder zurück.
1544 762 2231 914 Mit herzlicher Ergebenheit bin ich
1593 920 2008 1044 Briefzell 12. Febr. 1830.
2490 1011 2744 1199 Pupilofer
