2973 2707
1731 354 2458 494 Mein verehrter Herr und Meister!
1597 609 2800 746 Daß Sie vom Graven von Stüllinen zu einer Anzeige der
1591 714 2803 843 Geschichte des Thurgaus aufgefordert wurden, und derselben zu
1599 810 2813 937 entsprechen nicht ungeneigt sind, freut mich sehr; oder wie sollte
1608 896 2843 1034 ich das Urtheil eines Stammes ablehnen wollen, der das Kind
1602 1007 2795 1146 so zu sagen von der Empfängniß an kennt, und mit seiner
1611 1098 2874 1235 Entwicklung so ganz vertraut ist? Nur eines möchte ich wünschen;
1614 1187 2874 1337 daß Ihre Beurtheilung statt für den Erzähler, für eine eigentliche
1621 1289 2899 1438 historische Zeitschrift niedergefahrieben würde, da weder das Publium
1621 1398 2830 1532 noch der Referenten-Ton des Erzählers alles sagen läßt, was
1626 1500 2870 1638 gesagt werden könnte. Eigentliches Lob verdient meine Schrift nicht;
1624 1595 2858 1739 sie sie ist weder erschöpfend noch daß ich; daß Fleiß darauf ver¬
1626 1705 2885 1831 wendet wurde und ich in wahrem Sinn die Bahn brechen mußte.
1634 1790 2303 1935 bleibt wohl das Hauptverdienst.
1642 1898 2870 2038 Im übrigen muß ich Ihnen doch auch sagen, wie Sie nach meiner
1624 2003 2878 2147 Ansicht, und vielleicht durch meine Veranlaßung zu dem Amte eines
1629 2099 2882 2244 Sterensenten gekommen sind. Die Trachslersche Buchhandlung wollte,
1624 2183 2864 2343 daß ich bei der Reduction des Erzählers eine recensersche Anzeige,
1645 2306 2886 2448 auch Art des Erzählers, bewirken solle; ich erwiederte, daß ich
