1286 1636
287 245 884 354 im handel um einen ser schönen carolingischen Codex. derselbe
289 329 878 390 hat dem Kaiser Ludwig dem frommen gehört, und war
294 365 909 429 vielleicht gar ein erbstük von seinem Vater Carl dam großen;
295 411 926 461 kostbarer und prachtvoller ist mir noch keiner vorgekommen.
309 452 755 512 Nun leben Sie mal, gott befolen von
585 508 656 591 Irem
700 543 824 620 ergebensten
713 608 830 687 JvLaßzberg
292 552 537 618 Eppishausen am 21. März
402 614 494 687 1834.
321 711 902 797 Sagen Sie mir, wenn ichs wissen darf? ob Sie nicht lust
330 775 840 823 hätten an die neue hochschule nach Bern zu gehen?
337 817 862 877 Ich habe einige bekannte da, die Inen hiebei vielleicht
344 846 559 898 nüzlich sein könnten.
329 912 917 983 Wenn Inen muster aus dem ende des XIV und aus dem XV Jarh:
331 976 870 1029 mangeln; so könnte ich Inen aus dem liederbuche der
335 1011 913 1067 Häzlerin /:450 Seiten in folio:/ das ich aus dem Berliner codex
328 1063 775 1134 apograph: abgeschrieben habe, mit teilen.
