1296 1636
383 311 1030 379 das noch in die beste zeit des Minnesanges gehöret, auch darin zu lesen.
388 366 1003 418 Ich finde vielleicht auch sonst in meinen collectaneen noch einiges
394 409 994 463 ungedruktes, wenn es Inen willkommen ist. da Sie die bücher
403 452 988 497 nur auf ganz kurze zeit verlangen; so dachte ich geratener zu
395 475 990 534 sein, daß ich Inen mein gebundenes exemplar des liedersaales
401 509 999 574 sende, damit Sie es sogleich benutzen können; später kann
403 552 925 611 dann ia auch zu einem ungebundenen rat werden.
386 585 1029 673 Reinhart Fuchs war von einem zu lieben Briefe meines guten Jacob
406 633 1029 710 Grimm begleitet und daher doppelt willkommen. mich däucht
403 666 1035 750 das ein gutes und tüchtiges stük arbeit; es wird aber denke ich,
408 719 1031 770 noch einiges darüber gesprochen werden. auch der alte Benecke
399 752 1023 817 hat mir sein treffliches wörterbuch zum Iwain gesendet. welch
403 795 905 852 ein reichtum von literatur und gesunder Kritik.
426 834 1033 890 mit herzlicher Freude las ich in Irem briefe, daß die Biblio¬
391 879 1011 938 theca Basileensis unteilbar geblieben ist; ich hoffe daß die alte
399 911 1016 964 gute stadt Basel eben so wenig ire gute alte universität aufgeben
409 949 1004 1002 wird. Nach und nach kömmt alles noch besser, als man im
399 985 1034 1053 Anfange gehofft hat. Die eifersucht zwischen Rom und Carthago,
407 1036 984 1088 oder wenn die lieber wollen: Athen und Sporta; kann
411 1058 1026 1126 vielleicht noch mer gutes zu wege bringen, als man meinet.
407 1106 1034 1155 Nil desperandum! die nächste tagsazung wird vieles entscheiden!
427 1139 998 1190 ich muss eilen; denn der bote gehet noch vor mittage
414 1176 1002 1227 auf die post. haben Sie die güte mir den empfang der
415 1208 1024 1249 bücher nur mit einem par zeilen an zu zeigen. damit ich
411 1244 1018 1298 wegen der ser unordentlichen Thurgauischen posten beruhiget
409 1283 1026 1318 werde. Ir lezter brief kam einen ganzen post tag hinter
419 1309 1004 1367 dem Reinhart her gelauffen. Ich stehe gegenwärtig
