1286 1636
605 245 829 329 Eppishausen 21 Maerz 1834.
342 305 502 382 Wolgeborner!
359 369 619 449 ﻿Verertester Herr Professor!
289 471 874 539 Als ich gestern abend Ir Schreiben vom 16 dieses erhielt, freute ich
303 528 860 601 mich, daß ich doch auch einmal etwas habe, was sie zu
299 578 858 634 Iren arbeiten brauchen können; diesen morgen aber, da ich
311 612 892 663 die verlangten bücher zusamen suchte, finde ich, daß meine
301 656 848 720 freude nicht ganz ist; denn Oetters Ausgabe von Bruder
301 691 903 751 Werners gedicht auf die Maria, will sich trotz alles nachsuchens
315 735 900 785 nicht finden; ich habe auf das buch irgendwohin geliehen
313 772 900 835 und weiß jetzt gerade nicht wem? aber der Joh. Caspar Au¬
310 829 904 870 relius Tygurinus kann es Inen von der wasserkirche hergeben,
315 866 909 923 wo es sich befindet, auch besizt der nunmerige buchhändler
313 902 814 952 Dr. A. A. Follen zu Zürich ein exemplar desselben.
307 952 882 1009 Ein Lesebuch der altdeutschen Literatur, als Schulbuch, gehörte
309 987 898 1036 längst unter die Bücher, die ich gerne ans licht  treten sähe, und
309 1029 885 1071 ich bin ganz vergnügt darüber, daß diese arbeit in so gute
297 1062 886 1119 hände gefallen ist. Nun lassen Sie den pressbengel ia recht
313 1100 884 1154 unmüssig gehen, damit wir es bald zu schon bekommen.
317 1113 918 1177 daß Sie auch ungedruktes aufnemen, ist auch ser gut. möchten
300 1168 885 1210 Sie etwas aus dem Frauendienst des Ul. v. Lichtenstein haben; so
319 1198 915 1245 wollte ich Inen etwas hübsches aus meinem apographum aussuchen.
313 1243 883 1282 auch wünschte ich das schöne lied des schenken Conrad von
315 1270 873 1314 Bikenbach, in dem mir H. v. der Hagen im III. bande seiner
309 1298 887 1359 Minnesinger, einen ganzen vers hat ausfallen lassen, und
