1296 1636
278 251 913 338 partheien verlangen mit zu großer sensucht einmal zu wissen, was
283 326 912 378 aus inen werden soll, als daß dieser provisorische zustand lange
287 370 898 428 mer bestehen könnte. es hat sich zu lange gebogen, es muß nun
283 409 902 463 endlich brechen! Berns terroristische anträge an die tagsazung
289 449 930 509 haben bei der siebenköpfigen concordia einigen anklang gefunden.
287 496 901 553 Thurgau, welches in allem den affen von Zürich macht, wird
286 551 902 597 wirklich zu einer außerordentlichen großenratsversammelung
291 588 913 646 gehezt; aber, da die zal der gemäßigten auch in diesem kanton
289 622 921 689 seit einiger zeit beträchtlich zugenommen hat; ist es ser warschein¬
283 683 890 736 lich, daß diesmal die versammelung nicht zu staude kommt;
288 726 891 791 allein, wer kann lange für ein volk gut stehen? magis
564 766 867 829 Pugnas et exactos Tyrannos
438 810 890 875 Densum humeris bibit aure vulgus!
287 840 914 913 Die Berner, eifersüchtig auf die schnellen fortschritte der Zürcher
303 877 936 942 auf der ban des terrorismus, wollen sie nun durch die einricht¬
302 919 921 980 ung von blutgerichten überbieten, und scheinen vergessen zu
299 976 910 1020 haben, daß beinahe alle blutmänner des französischen national¬
299 1010 913 1066 convents durch die guillotine gefallen sind! aber Zürich ist
304 1059 925 1121 gewiß viel gefärlicher als Bern, wo iezt meist nur unwissende
306 1105 924 1157 männer am ruder sizen. Ich begreiffe eben so gut als ich
298 1149 900 1206 es herzlich bedauere, daß auch Sie unter den gegenwärtigen
291 1193 923 1259 verhältnissen leiden müßen: aber das kann ich doch kaum erwarten,
298 1235 925 1306 daß auch die universität zu Basel in die allgemeine teilung ein¬
300 1280 913 1350 geworfen werde. das würde doch ganz einer schlechten Ironie
