<?xml version="1.0" encoding="UTF-8" standalone="yes"?>
<PcGts xmlns="http://schema.primaresearch.org/PAGE/gts/pagecontent/2013-07-15" xmlns:xsi="http://www.w3.org/2001/XMLSchema-instance" xsi:schemaLocation="http://schema.primaresearch.org/PAGE/gts/pagecontent/2013-07-15 http://schema.primaresearch.org/PAGE/gts/pagecontent/2013-07-15/pagecontent.xsd">
    <Metadata>
        <Creator>prov=READ-COOP:name=TrHtr:version=2.19.0:model_id=51170:date=24_10_2024_18:36</Creator>
        <Created>2024-10-20T21:30:26.273+02:00</Created>
        <LastChange>2024-12-16T15:16:34.425+01:00</LastChange>
        <TranskribusMetadata docId="4726793" pageId="80680220" pageNr="1" tsid="212811526" status="FINAL" userId="19940" imgUrl="https://files.transkribus.eu/Get?id=MZXCIUMHUAYJZEPVUYMZNYWM&amp;fileType=view" xmlUrl="https://files.transkribus.eu/Get?id=PXATWDGNMPUVYWVJTPYLJJAW" imageId="66118596"/>
    </Metadata>
    <Page imageFilename="PA 82a B 9_Seite_027.jpg" imageWidth="1296" imageHeight="1636">
        <ReadingOrder>
            <OrderedGroup id="ro_1740688822530" caption="Regions reading order">
                <RegionRefIndexed index="0" regionRef="tr_1"/>
            </OrderedGroup>
        </ReadingOrder>
        <TextRegion orientation="0.0" id="tr_1" custom="readingOrder {index:0;}">
            <Coords points="296,110 296,1342 944,1342 944,110"/>
            <TextLine id="tr_1_tl_2" custom="readingOrder {index:0;}">
                <Coords points="559,312 694,302 767,305 786,319 822,305 873,309 873,247 845,264 796,251 782,262 720,238 674,258 606,245 559,258"/>
                <Baseline points="564,300 589,301 615,301 641,300 667,300 693,302 719,300 744,300 770,300 796,300 822,299 848,298 874,298"/>
                <TextEquiv>
                    <Unicode>Eppishausen am 26 Sept. 1833.</Unicode>
                </TextEquiv>
            </TextLine>
            <TextLine id="tr_1_tl_5" custom="readingOrder {index:1;}">
                <Coords points="301,387 695,386 694,350 652,357 628,341 324,350 300,335"/>
                <Baseline points="306,368 332,368 358,371 384,373 410,374 436,375 462,376 488,374 514,374 540,374 566,374 592,374 618,373 644,373 670,374 696,374"/>
                <TextEquiv>
                    <Unicode>Vererter Herr Professor!</Unicode>
                </TextEquiv>
            </TextLine>
            <TextLine id="tr_1_tl_8" custom="readingOrder {index:2;}">
                <Coords points="291,498 916,505 917,458 292,463"/>
                <Baseline points="296,482 327,484 358,486 389,488 420,490 451,490 482,490 513,490 544,490 575,490 607,490 638,490 669,489 700,487 731,486 762,485 793,483 824,482 855,485 886,486 918,486"/>
                <TextEquiv>
                    <Unicode>Vierzehen tage nach empfang Ires lieben briefes erhielt ich auch die kiste</Unicode>
                </TextEquiv>
            </TextLine>
            <TextLine id="tr_1_tl_9" custom="readingOrder {index:3;}">
                <Coords points="294,543 436,564 478,543 537,559 687,542 725,561 895,546 896,511 295,508"/>
                <Baseline points="300,532 329,534 359,536 389,538 419,538 449,540 479,540 509,538 539,538 569,538 599,538 628,538 658,534 688,534 718,532 748,532 778,532 808,532 838,532 868,534 898,538"/>
                <TextEquiv>
                    <Unicode>mit dem ehemaligen gemälde von Tobias Stimmer dem Maler von</Unicode>
                </TextEquiv>
            </TextLine>
            <TextLine id="tr_1_tl_10" custom="readingOrder {index:4;}">
                <Coords points="309,585 377,607 430,590 930,598 931,554 889,547 310,558"/>
                <Baseline points="314,580 344,580 375,582 406,584 437,584 468,584 499,584 530,584 561,584 592,584 623,584 653,583 684,580 715,580 746,579 777,578 808,578 839,579 870,580 901,580 932,580"/>
                <TextEquiv>
                    <Unicode>Schafhausen, welcher es für den bischof Christoph Mezler von Constanz</Unicode>
                </TextEquiv>
            </TextLine>
            <TextLine id="tr_1_tl_11" custom="readingOrder {index:5;}">
                <Coords points="305,650 916,644 917,597 306,603"/>
                <Baseline points="310,632 340,631 370,632 401,630 431,632 462,632 492,634 522,632 553,632 583,634 614,632 644,630 674,630 705,630 735,628 766,628 796,628 826,626 857,626 887,626 918,626"/>
                <TextEquiv>
                    <Unicode>verfertigt hatte, wie solches wappen, iarzal und der dedications¬</Unicode>
                </TextEquiv>
            </TextLine>
            <TextLine id="tr_1_tl_12" custom="readingOrder {index:6;}">
                <Coords points="311,683 724,692 920,672 896,633 311,658"/>
                <Baseline points="316,678 346,676 376,676 406,676 437,676 467,674 497,674 528,674 558,674 588,674 619,674 649,674 679,674 709,672 740,672 770,670 800,668 831,668 861,666 891,664 922,664"/>
                <TextEquiv>
                    <Unicode>vers auf dem querbalken des altärchens anzeigen. darunter be¬</Unicode>
                </TextEquiv>
            </TextLine>
            <TextLine id="tr_1_tl_13" custom="readingOrder {index:7;}">
                <Coords points="307,733 760,739 807,715 922,717 915,672 622,680 508,708 308,690"/>
                <Baseline points="312,722 342,720 373,720 403,720 434,720 465,720 495,720 526,720 556,720 587,720 618,720 648,718 679,718 709,716 740,716 771,714 801,712 832,712 862,710 893,710 924,712"/>
                <TextEquiv>
                    <Unicode>fand sich noch ein antependium, worauf Christus am abend¬</Unicode>
                </TextEquiv>
            </TextLine>
            <TextLine id="tr_1_tl_14" custom="readingOrder {index:8;}">
                <Coords points="303,769 672,785 927,769 928,727 887,715 760,739 304,745"/>
                <Baseline points="308,764 339,765 370,766 401,766 432,765 463,764 494,763 525,763 556,763 587,762 619,761 650,760 681,760 712,759 743,758 774,756 805,754 836,754 867,754 898,752 930,750"/>
                <TextEquiv>
                    <Unicode>male mit den aposteln gemalt war; dieses muß schon bei dem seligen</Unicode>
                </TextEquiv>
            </TextLine>
            <TextLine id="tr_1_tl_15" custom="readingOrder {index:9;}">
                <Coords points="304,823 923,819 925,771 701,788 403,771 353,792 306,772"/>
                <Baseline points="310,808 340,810 371,809 402,808 433,808 464,808 494,808 525,808 556,807 587,806 618,805 648,804 679,804 710,802 741,800 772,798 802,796 833,794 864,794 895,792 926,790"/>
                <TextEquiv>
                    <Unicode>Wocher verloren gegangen sein. es hatte die iarzal 1559.</Unicode>
                </TextEquiv>
            </TextLine>
            <TextLine id="tr_1_tl_16" custom="readingOrder {index:10;}">
                <Coords points="318,866 934,859 935,816 319,833"/>
                <Baseline points="324,854 354,854 385,854 415,854 446,854 477,854 507,854 538,854 568,853 599,850 630,850 660,848 691,846 721,844 752,842 783,842 813,840 844,840 874,840 905,840 936,838"/>
                <TextEquiv>
                    <Unicode>mit der wiedererstattung der gefälligst für mich gemachten auslage /:</Unicode>
                </TextEquiv>
            </TextLine>
            <TextLine id="tr_1_tl_17" custom="readingOrder {index:11;}">
                <Coords points="299,914 382,894 430,910 879,894 903,889 904,854 522,876 300,862"/>
                <Baseline points="304,888 334,888 364,888 394,888 424,890 454,890 484,888 514,888 544,888 574,888 605,888 635,888 665,884 695,884 725,884 755,882 785,880 815,880 845,878 875,876 906,876"/>
                <TextEquiv>
                    <Unicode>56 bazen:/ bitte ich auch den verbindlichsten dank für die für mich</Unicode>
                </TextEquiv>
            </TextLine>
            <TextLine id="tr_1_tl_18" custom="readingOrder {index:12;}">
                <Coords points="307,945 836,937 927,923 928,890 308,907"/>
                <Baseline points="312,928 342,929 373,928 404,928 435,928 466,928 496,927 527,926 558,925 589,925 620,925 650,925 681,924 712,922 743,920 774,920 804,920 835,916 866,914 897,914 928,914"/>
                <TextEquiv>
                    <Unicode>diesfalls übernommene bemühung zu genernigen: kann ich in diesen</Unicode>
                </TextEquiv>
            </TextLine>
            <TextLine id="tr_1_tl_19" custom="readingOrder {index:13;}">
                <Coords points="315,988 905,974 922,933 668,948 494,930 451,949 368,931 316,949"/>
                <Baseline points="320,974 350,970 380,968 410,970 440,968 471,966 501,966 531,964 561,962 591,962 622,964 652,964 682,962 712,960 742,958 773,960 803,958 833,956 863,956 893,954 924,954"/>
                <TextEquiv>
                    <Unicode>gegenden, oder wo immer Inen etwas besorgen; so bitte ich mich</Unicode>
                </TextEquiv>
            </TextLine>
            <TextLine id="tr_1_tl_20" custom="readingOrder {index:14;}">
                <Coords points="306,1024 917,1005 918,978 308,988"/>
                <Baseline points="312,1008 342,1010 372,1010 403,1010 433,1012 464,1012 494,1010 524,1008 555,1006 585,1006 616,1004 646,1002 676,1002 707,1000 737,1000 768,998 798,998 828,996 859,996 889,994 920,994"/>
                <TextEquiv>
                    <Unicode>nicht zu verschonen, Sie erweisen mir dadurch ein wares</Unicode>
                </TextEquiv>
            </TextLine>
            <TextLine id="tr_1_tl_21" custom="readingOrder {index:15;}">
                <Coords points="309,1079 379,1061 623,1078 658,1054 930,1073 931,1032 879,1013 310,1027"/>
                <Baseline points="314,1056 344,1056 375,1056 406,1057 437,1058 468,1058 499,1057 530,1056 561,1056 592,1056 623,1055 653,1054 684,1054 715,1054 746,1054 777,1052 808,1052 839,1052 870,1052 901,1050 932,1052"/>
                <TextEquiv>
                    <Unicode>vergnügen. Nun ist das gemälde zwar durch die iniuria temporum</Unicode>
                </TextEquiv>
            </TextLine>
            <TextLine id="tr_1_tl_22" custom="readingOrder {index:16;}">
                <Coords points="308,1121 660,1103 690,1122 780,1104 916,1118 905,1064 843,1084 685,1063 309,1087"/>
                <Baseline points="314,1108 344,1104 374,1104 404,1104 434,1104 465,1104 495,1104 525,1102 555,1100 585,1100 616,1100 646,1100 676,1100 706,1100 736,1102 767,1100 797,1100 827,1098 857,1098 887,1100 918,1100"/>
                <TextEquiv>
                    <Unicode>zerstört; aber für mich bleibt es noch immer ein wertes andenken,</Unicode>
                </TextEquiv>
            </TextLine>
            <TextLine id="tr_1_tl_23" custom="readingOrder {index:17;}">
                <Coords points="313,1163 514,1142 942,1168 942,1117 313,1125"/>
                <Baseline points="318,1146 349,1144 380,1144 411,1142 443,1141 474,1140 505,1139 537,1138 568,1138 599,1139 631,1140 662,1140 693,1140 724,1140 756,1140 787,1140 818,1140 850,1140 881,1140 912,1140 944,1144"/>
                <TextEquiv>
                    <Unicode>und sein anblik wekt in mir allerlei süße und sauere erinnerungen:</Unicode>
                </TextEquiv>
            </TextLine>
            <TextLine id="tr_1_tl_24" custom="readingOrder {index:18;}">
                <Coords points="314,1199 705,1180 899,1198 885,1150 315,1163"/>
                <Baseline points="320,1188 349,1186 378,1185 407,1183 436,1182 465,1182 494,1181 523,1180 552,1180 581,1179 611,1178 640,1177 669,1176 698,1178 727,1178 756,1178 785,1180 814,1180 843,1182 872,1180 902,1178"/>
                <TextEquiv>
                    <Unicode>ich denke, wenn ein Schweizer iezt sein vaterland anschaut, über</Unicode>
                </TextEquiv>
            </TextLine>
            <TextLine id="tr_1_tl_25" custom="readingOrder {index:19;}">
                <Coords points="312,1250 927,1241 927,1204 905,1196 313,1208"/>
                <Baseline points="318,1238 348,1236 379,1236 409,1235 440,1233 470,1232 501,1232 531,1230 562,1230 592,1228 623,1226 653,1226 684,1224 714,1224 745,1226 775,1224 806,1226 836,1226 867,1226 897,1226 928,1226"/>
                <TextEquiv>
                    <Unicode>welches auch, wie über dies gemälde, ein hagelwetter gekommen ist; so</Unicode>
                </TextEquiv>
            </TextLine>
            <TextLine id="tr_1_tl_26" custom="readingOrder {index:20;}">
                <Coords points="317,1293 924,1279 925,1241 551,1257 401,1242 318,1261"/>
                <Baseline points="322,1284 352,1282 382,1282 412,1280 442,1280 473,1278 503,1278 533,1278 563,1276 593,1274 624,1274 654,1272 684,1272 714,1270 744,1270 775,1268 805,1266 835,1266 865,1266 895,1268 926,1268"/>
                <TextEquiv>
                    <Unicode>mag er änliche empfindungen haben. wie hat sich binnen den 4</Unicode>
                </TextEquiv>
            </TextLine>
            <TextLine id="tr_1_tl_27" custom="readingOrder {index:21;}">
                <Coords points="319,1336 571,1348 771,1319 831,1340 865,1315 937,1320 939,1287 321,1294"/>
                <Baseline points="324,1332 354,1332 385,1331 416,1329 447,1327 478,1325 508,1323 539,1322 570,1321 601,1320 632,1319 662,1317 693,1316 724,1314 755,1312 786,1310 816,1308 847,1306 878,1306 909,1304 940,1306"/>
                <TextEquiv>
                    <Unicode>wochen, da Sie mir schrieben, alles verändert! doch nicht un¬</Unicode>
                </TextEquiv>
            </TextLine>
            <TextEquiv>
                <Unicode>Eppishausen am 26 Sept. 1833.&#13;
Vererter Herr Professor!&#13;
Vierzehen tage nach empfang Ires lieben briefes erhielt ich auch die kiste&#13;
mit dem ehemaligen gemälde von Tobias Stimmer dem Maler von&#13;
Schafhausen, welcher es für den bischof Christoph Mezler von Constanz&#13;
verfertigt hatte, wie solches wappen, iarzal und der dedications¬&#13;
vers auf dem querbalken des altärchens anzeigen. darunter be¬&#13;
fand sich noch ein antependium, worauf Christus am abend¬&#13;
male mit den aposteln gemalt war; dieses muß schon bei dem seligen&#13;
Wocher verloren gegangen sein. es hatte die iarzal 1559.&#13;
mit der wiedererstattung der gefälligst für mich gemachten auslage /:&#13;
56 bazen:/ bitte ich auch den verbindlichsten dank für die für mich&#13;
diesfalls übernommene bemühung zu genernigen: kann ich in diesen&#13;
gegenden, oder wo immer Inen etwas besorgen; so bitte ich mich&#13;
nicht zu verschonen, Sie erweisen mir dadurch ein wares&#13;
vergnügen. Nun ist das gemälde zwar durch die iniuria temporum&#13;
zerstört; aber für mich bleibt es noch immer ein wertes andenken,&#13;
und sein anblik wekt in mir allerlei süße und sauere erinnerungen:&#13;
ich denke, wenn ein Schweizer iezt sein vaterland anschaut, über&#13;
welches auch, wie über dies gemälde, ein hagelwetter gekommen ist; so&#13;
mag er änliche empfindungen haben. wie hat sich binnen den 4&#13;
wochen, da Sie mir schrieben, alles verändert! doch nicht un¬</Unicode>
            </TextEquiv>
        </TextRegion>
    </Page>
</PcGts>
