1296 1636
379 281 1009 343 gleich sehen. haben Sie noch eine weile geduld mein wertester
388 328 1010 390 gastfreund! der alte gott lebt noch! lassen Sie uns vest an
390 371 1035 435 diesem glauben halten, ein einziger augenblik kann alles umgestalten.
411 411 1026 472 Nun bin ich doch frohe, daß der Colmarer liedercodex wieder auf¬
385 454 1026 502 gefunden ist. natürlich denkt herr Neukirch iezt an keine herausgabe, die
388 503 1005 547 im auch gar nicht zuzumuten ist; allein, seine abneigung denselben
391 535 1006 593 sehen zu lassen, schreibe ich einer ganz andern ursache zu als Sie:
379 583 997 639 er fürchtet warscheinlich, daß, bei bekanntwerdung derselben,
391 625 1011 681 von französischer seite reclamationen eintretten dürften: ich kenne
397 681 1012 734 beispiele hievon; und die Strasburger würden himmel und erde
399 729 1013 782 bewegen, um in zu bekommen: in Colmar selbst, denke ich,
399 767 663 833 ist: ignoti nulla cupido.
439 811 1019 871 Unter wiederholung meines dankes, grüße ich Sie und die
396 842 1004 916 optimae spei tyrones herzlich und bleibe Ir ergebenster
889 893 1003 941 JvLaßberg.
399 944 1040 1030 Teilen Sie meine freude! vor kurzem sind mir 8 noch unbekannte
407 1014 1021 1080 Carolingische urkunden zugekommen, darunter eine von 814.
389 1060 721 1122 dem todesiare Karl des großen.
787 1062 929 1125 iterum vale!
