1296 1636
351 302 979 349 erwartet, von dem augenblike an, da Basel und die urkantone sich
363 347 967 384 selbst aufgaben. auf die frage: ob es weise war, auf den hilfruf
361 382 955 435 der Reigoldsweiler zu hören ? weiß ich nichts zu antworten:
363 425 959 466 als: tue recht und siehe dich nicht um! aber wer den mut
366 454 968 504 hat das rechte zu tun, muß auch nicht verzagen und so
363 500 968 559 plözlich, wie hier geschahe, alles aufgeben. warum haben
343 544 952 615 die Basler nicht einen auswärtigen kriegsmann von gutem
351 595 981 653 rufe zum anfürer genommen? das wäre keine schande gewesen,
359 639 958 689 die völker des altertums taten es oft, und mit erfolg.
350 687 958 736 Leider haben Sie mein Vererter! richtig prophezeihet; der
351 722 976 780 könig hat nicht in die trennung Neuenburgs von der eidgenossen¬
354 766 980 819 schaft gewilligt; denn es sind vorerst wichtigere fragen zu lösen.
347 806 973 865 die erste ist : to by, or not to by! denn die über krieg und
351 854 972 904 frieden enthält doch nichts andres. die faden des polit.
356 886 974 941 gewebes sind einmal so verworren, daß kaum etwas
351 926 957 982 außer dem schwerte mer hinreichen dürfte, sie wieder in
358 971 974 1027 ordnung zu bringen! aber ich muß auch mit dem
351 1023 980 1068 alten Cato rufen: ante omnia Carthaginem delendam esse!
355 1071 982 1122 ehe die teutschen fanen nicht wieder auf dem Montmartre
359 1106 973 1164 wehen, kann kein dauerhafter friede in der welt gegründet
369 1143 960 1206 werden. ob es diesmal zum Kriege kommen wird?
353 1197 960 1254 in dem augenblike, da ich dieses schreibe, ist es wol schon ent¬
356 1245 981 1296 schieden; aber, wenn es auch diesmal nicht dazu kömmt; so
362 1277 958 1349 ist doch gewiß, daß es bald dazu kommen muß. beide
