1296 1636
611 154 933 248 Eppishausen am 16 Juny 1834.
114 195 431 312 Hochzuvererender Herr Professor!
72 309 1064 415 Ich bin frohe, dass Sie die lezte sendung so nachsichtig aufgenommen haben, und sende nun nachträglich:
82 370 304 429 1. Sante Vlrichs leben.
80 415 419 489 2. Der spiegel oder Marien klage.
77 457 521 542 3. Amor die lieb - leider fehlen 1-2 blätter.
76 494 1037 589 4. meister Alebrands /: Friedrichs II rossarztes:/ von Rossarznei, wegen dem hinten angehängten
123 576 1096 675 hymnus auf Maria, welcher wol von Frauenlob sein möchte, aus welcher zeit nahezu auch die schrift
134 615 467 675 sein möchte, aber leider unganz.
91 648 480 711 5. ain gaistlich artzney, und
85 696 1017 797 6. Gaistlicher vasnacht krapffen. von 5 und 6 sind die originale in Eppishausen.
80 754 1099 865 glauben Sie vererter Herr! nur sicher, dass ich vollkommen überzeugt bin, dass Sie auf alle fälle besser
100 823 1114 937 auswälen werden als irgend ein anderer, was für Ir buch und seinen zwek taugt; blos der wunsch
105 870 1108 977 Inen mühe zu ersparen, konnte mich zum selbst abschreiben veranlassen; von herzen gerne vertraue
104 913 938 1024 ich Inen nicht nur diese, sondern alle bücher und handschriften die ich besize, an.
72 964 1100 1081 Ich muss gestehen, dass ich das apographum des Frauendienstes bei seiner rükkunft nicht mer besahe und die
87 1001 1125 1152 zeichnung von der krone in dem pakpapier suchte; nun durch Ir schreiben aufmerksam gemacht,
103 1046 893 1166 fand ich sie am angezeigten orte und wiederhole meinen dank dafür.
127 1128 1026 1236 Von Irem verunglükten schüler sage ich nichts mer, solches unglük schneidet zu tief ins herz!
118 1177 1096 1294 aber was Sie mir von Herrn C. Orelly sagen, tat mir nicht weniger wehe. Ein so vorzüglicher gelerter
126 1213 1109 1321 sollte sich nicht von Liechtstalern dingen lassen, noch weniger aber, wenn er sich schon solcher
108 1295 1104 1376 erniedrigung unterzogen hat, cum ira et odio gegen die unterdrükten handeln; er sollte
119 1330 1110 1454 nicht vergessen, dass die kümmerliche Tigurine nie werden wird was Basel schon vor 300 iaren war.
