1296 1636
167 208 1197 304 es tut mir leide, die durch so viele iare von diesem Manne genärte gute meinung ablegen zu müssen;
145 295 963 384 aber die sache ist doch zu offenbar, als dass man nicht kunde davon nemen sollte.
163 347 1193 419 Ich habe zu meiner reise einen reisegefärten bis Kassel gehabt, der hat mir plözlich abgesagt; nun
195 406 1168 490 denke ich bis Cöln zu wasser zu gehen und von dort nach Westphalen, und dann an die
191 454 1194 530 Weser und Leine; aber vor ende dieses monats gehet es nicht los. wo und was soll ich Inen in Göttingen
199 505 1192 586 ausrichten? geben Sie mir recht viele aufträge, sie sollen auf das pünktlichste vollzogen werden:
202 554 1207 638 kann ich Inen nichts mitbringen? hoffentlich den schon gedrukten aber bisher noch inclaustrirten
195 609 1179 682 Frydank von Wilhelm Grimm. Ich neme also noch keinen abschied und erwarte weitere
202 640 1172 717 nachrichten von Inen. Professor Schwab und Ober Tribunal Procurator Abel aus Stuttgart haben
211 701 1180 779 lezthin einige tage bei mir zugebracht. lezterer will die bilder aus dem pariser codex
213 752 1202 828 der Minnesinger, als fac simile herausgeben und hat mir einige proben gezeigt, die gar
215 797 1201 880 nicht übel sind; die liebe zu den Hohenstaufen und irer zeit ist bei im beinahe zur fixen idee
213 875 1208 917 geworden, er verwendet einen grossen teil seines ansenlichen vermögens auf sammlung und erhaltung
221 897 1201 975 teutscher altertümer. Uhland arbeitet nun ununterbrochen. an seinem buche über
216 960 1207 1034 das teutsche volkslied; soll aber daneben noch ein paar andere sachen auf dem amboss haben,
215 1014 1210 1089 ich hoffe in auf meiner durchreise zu sprechen. habe ich Inen denn gesagt, dass ich von
188 1045 1214 1159 dem 4ten bande der hagenschen Minnesinger alles bis mit bogen 56 bekommen habe, her Nithart ist der lezte,
194 1110 1211 1206 ich denke das wird nun etwa die hälfte des ganzen sein. ich muss gestehen, dass diese sogenannten Leben
204 1176 1208 1260 der Dichter über meine erwartung ausgefallen sind: zuweilen macht H. v. der Hagen sichs freilich bequem,
189 1219 1207 1298 so hat er z. b. den ganzen frauendienst, nach der Tieckschen auflösung, aufgenommen von S. 321 bis 404. aber man
172 1265 1211 1336 siehet auch ganz genau wo H. v. der Hagen die arbeit anderen überlassen hat. Sollten Sie in meiner abwesenheit
188 1311 1058 1411 das buch zu benuzen wünschen; so werde ich es Inen mit vielem vergnügen senden.
246 1361 749 1459 Indessen gottbefolen! von Irem
885 1411 1115 1502 ergebensten JvLaßberg.
