1158 1389
906 150 1075 195 Basel 26. August 1836
423 248 676 304 Hochverehrter Herr Freyherr,
257 464 922 523 es war mir eine grosse Freude und die liebste überraschung die mir werden konnte,
257 507 927 551 als ich vor vierzehn Tagen bei meiner Rückehr von einer Ferienreise Ihren Brief
257 559 911 597 vorfand, den ersten nach langer Unterbrechung. Nun waren jahrelange drückende
260 601 937 666 Besorgnisse mit einem Mahle gehoben: ich sah, dass ich Ihre wohlwollende Gesinnung
257 652 906 722 gegen mich, die mir so sehr viel werth ist, nicht verscherzt hatte, wenn auch in
261 705 931 759 etwas gekrännt und verlezt. Aber auch dieses, weiß Gott, und Sie selber wissen
263 745 914 810 es, insofern ganz ohne meine Schuld, als ich bei jener Zueignung grade das
261 797 900 864 Gegentheil gewollt und gemeint hatte, als ich auch gar nicht beabsichtigt
263 859 914 909 Ihnen vor dem Volk eine Ehre, sondern nur vor aller Welt Ihnen meinen auf¬
265 889 927 939 richtigen und herrlichen Dank zu bezeugen. Denn daß mit dergleichen öffent¬
260 944 925 996 lichen Ehrungen einem Manne von Ehre eigentlich gar nicht gedient sey, das
261 1004 890 1065 wuste ich sehr wohl. Nun, verzeihen Sie mir! Aber Sie haben es schon.
307 1043 924 1112 Von dem Unglück das Sie erlebt haben sich so ernstlich zu beschödigen, hatte
265 1092 906 1170 mir bereits H. Diac. Pupikofer erzählt, und es that mir nun Leid, aus Ihrem
857 1154 912 1191 Briefe
