1158 1389
245 453 884 516 Briefe nichts von Fortschritten der Besserung zu erfahren. Jezt hoffe ich sey
245 499 891 553 aber alles wieder gut: ich traue auf Baden und auf die häusliche Glückse¬
249 547 889 615 ligkeit die Sie so wohlthuend umgiebt. Allen Segen Gottes über Sie und Ihr
250 597 885 667 Haus und Ihre Familie! ich freue mich recht darauf, Sie im Herbste,
248 649 686 710 falls ich nach S. Gallen reise, heimsuchen zu dürfen.
255 699 865 752 Beiliegend erhalten Sie eine gute Kampfel, den zweyten Theil des Lesebuches.
253 748 887 804 Lassen Sie Sich denselben wohl gefallen, und mich auch gelegentlich erfahren
251 790 903 861 ob er Ihnen gefalle. Über den ersten bin ich nun um Ihr Urtheil gekommen;
249 835 925 905 und doch wie viel könnte es mir nützen, da ich im Winter höchst wahrscheinlich
249 893 904 960 an eine zweyte Auflage muß, eben deren wegen ich auch nach S. Gallen reisen
259 942 890 1005 will. Vielleicht lassen Sie mir auch in Eppishausen noch diess und jenes
255 993 511 1044 dafür in die Hand wachsen.
253 1033 901 1100 Noch einmal meinen herzlichen Dank für Ihr "Gehe hin und sündige nicht
254 1093 799 1157 mehr!" und meine besten Wünsche für Sie und die Ihrigen.
603 1145 903 1187 In Ergebenheit Ihnen zugethan
708 1190 908 1243 Wih. Wackenagel Dr.
