1296 1636
1026 149 1079 222 75
236 265 556 365 Hochgeerter Herr Professor!
220 457 1069 520 Als ich vor einiger zeit die nachricht von Irer krankheit erhielt, und wie schwer und heftig sie
227 519 1025 560 seie, da gab ich schon die hofnung auf, Sie im laufe dieses iares noch in der villa Epponis zu
221 556 1015 620 sehen: wie ser mussten mich also Ire gestern nachts erhaltenen zeilen von Zürich erfreuen!
220 598 1017 657 Sie sind geheilt, und der beste balsam für leib und seele, ein liebes, frommes, teutsches weib,
231 637 1015 693 liegt an Irer brust. kommen Sie also mit Irer geliebten frau, und seien Sie Jenny und
234 674 1034 731 mir herzlich willkommen. Sonntag und montag haben wir ein par iunge eheleute aus S. Gallen
237 705 1049 767 zu gaste; wenn Sie also nach Irem vorhaben Dienstags kommen; so haben Sie uns dann
242 756 1046 797 ganz allein. Meine frau grüsset mit mir Sie und die Irige, und damit gott befolen
566 799 669 842 von Irem
826 878 905 931 ergebenen
885 876 1008 949 JvLaßberg.
231 826 593 893 Eppishausen am 13ten octobers. morgens 7 ur.
452 880 527 940 1837.
266 936 1045 988 Noch eine bitte: grüssen Sie mir auch den guten Aurelius Tigurinus, und den clarus
272 972 377 1032 Okenius.
