1286 1624
341 348 978 405 mitzusenden haben; auf das von ersterem bin ich äusserst begierig, es kann nur etwas
335 378 982 449 ser gutes sein, der alte Benecke tut ganz hochfärtig mit diesem iünger, und die sonst
346 430 988 500 so lobkargen Grimms lassen im alle gerechtigkeit widerfaren. H. Hofmann kenne
349 490 973 550 ich nicht persönlich; in Stuttgart sagte mir Schwab, dass er mit Schmeller mich den
361 526 983 590 lezten herbst besuchen wollte als sie zusamen in der Schweiz waren, wo sie meine
357 595 994 644 abwesenheit erfuren. Jacob Grimm zeigte mir ein altteutsches fragment, das Hofmann
352 633 982 690 auf der bibliothek zu Basel entdekt und dort hat druken lassen; ein anderes bruchstük
351 675 992 748 aus der fürstenbergischen bibliothek zu Prag, das er dort durchreisend herausgab, las ich noch
359 721 1000 792 auf der reise. wie ser freue ich mich auf Ir Alt Teutsches lesebuch und die nachricht von
359 773 980 838 seiner beendigung! Benecke und Grimm lobten diese idee ser und glaubten sie sei in
365 855 1000 921 der ausfürung in gute bände gefallen. iezt bedaure ich Inen nicht noch mer inedita
365 903 980 969 aus meinem vorrate gesendet zu haben; aber ich war damal mit ganz andern
361 956 965 1012 dingen beschäftiget und mit dem gemüte schon halb von hier abwesend.
365 1001 970 1057 Ser verbunden werde ich Inen sein, wenn Sie die güte haben wollen, mir iezt
357 1051 898 1122 schon so viel davon zukommen zu lassen, als bereits gedrukt ist.
349 1099 999 1177 Masmanns gothica haben Sie wol auch schon gelesen: es will mir doch vor
347 1156 1004 1220 kommen, als wenn das wenige mitgeteilte und das ganze eroberte doch noch nicht
345 1209 953 1269 so gewaltig wichtig wäre, als der gute gevatter meint. Nun genug für heute!
352 1261 807 1316 leben Sie wol, gott befolen von Irem ergebensten
806 1285 898 1349 JvLaßberg.
