1296 1636
331 678 983 739 so an, wie ich wünschte: Wilhelm war wirklich krank und bekam, nach meiner
335 720 992 777 abreise, eine brustentzündung, Jacob litt ein wenig an den augen, konnte aber
338 772 983 840 doch ausgehen; seine teutsche mythologie, von welcher schon 128 seiten der ein¬
339 813 964 883 leitung und eben so viel am texte gedrukt waren, schreitet rasch vorwärts;
339 863 980 916 er gab mir einige aushängebogen mit, weil er meinte ich könne im auch einige
339 913 990 962 beiträge liefern: er und ich brachten einen abend bis tief in die nacht, recht
339 953 991 1007 studentisch fidel bei dem wakern Benecke, meinem landsmanne zu; auch
338 1011 974 1058 ein anderer landsmann, der 84 iährige Reuss, nam mich ser freundlich auf.
335 1045 980 1117 von der universität sahe ich nichts als die bibliotheke, das heisst ich sahe
337 1108 978 1160 die saaele und rüken der bücher; ich gieng nach wenigen tagen traurig von
330 1141 982 1220 der georgia. augusta hinweg, weil ich meine freunde unwol zurüklassen musste;
339 1185 982 1266 nun aber habe ich gottlob nachricht, dass Wilhelm seine krankheit überstanden,
339 1250 980 1314 und gänzlich auf der besserung ist. auf der heimreise besuchte ich zu Bonn den
