1296 1636
267 350 948 413 herren B. Hundeshagen; denn mich gelustete gar zu ser seinen codex des Nibelungenliedes zu sehen;
288 397 962 442 es kostete mich aber viele mühe, überredung und eine lederne geduld bis ich bei dem zweiten
291 437 952 508 besuche endlich dazu gelangte. eine papierhandschrift aus der mitte des XV. iarhunderts
295 487 939 540 in klein folio, mit einigen 40 ser mittelmässigen aquarellgemälden, der text ist schon
295 556 928 597 ser verdorben und häufig interpolirt;-was er mer hat als andere handschriften,
301 586 950 644 ist von keinem kritischen werte, indessen ist es mir doch lieb aus selbstansicht endlich
297 639 958 698 zu wissen; wie viel oder wie wenig der codex wert ist. H. Hundeshagen gehört unter die
301 692 952 740 unglüklichen seher, deren augen sich alles anderst darstellet als den augen anderer gesunder
294 733 941 808 menschen; bei uns Schwaben nennt man solche leute mit der pelzkappe geschossen.
292 783 935 853 Ich nam meinen weg nach hause wieder über Stuttgart und Tübingen, wo ich wieder einen
291 828 948 883 schönen tag mit Uhlands zubrachte. am 8 December kamen wir endlich in der zelle
309 872 938 934 des heiligen Eppo an, die wir seitdem nicht verlassen haben und auch sobald nicht
310 925 828 969 zu verlassen gedenken und in welcher es mir besser als iemal gefällt.
632 1003 685 1145 Die grüsse von Grimms
668 1000 722 1139 an Sie will ich hiemit
708 985 759 1142 hier interpoliren, obschon
743 989 794 1150 sie eigentlich dem texte ange¬
773 1104 825 1144 hören
384 958 606 1015 Syd mans alles reden sol,
390 1006 611 1065 So ist zer welt nieman wol
381 1051 614 1112 Wan der ain liebes wib hat,
380 1089 622 1151 Vnd sich vff ir trüwe lat.
286 1160 958 1241 Wenn Sie verertester Herr! mir nun meine handschriften und bücher, nach gemachtem
297 1230 938 1288 gebrauche, wieder senden wollen; so ist es mir ganz recht: wie ser erfreuten Sie
303 1266 944 1328 mich durch die nachricht, dass Sie mir auch etwas von Lachmann und Hofmann
