1296 1636
297 644 479 699 Aschermittwoch 1835.
280 682 922 739 In erwiederung Irer werten zeilen vom 26 februar, die ich vorgestern erhielt, erzäle ich
290 733 946 795 Inen mein verertester Herr Professor! dass ich erst am 11 September v. i. von der villa
293 778 935 824 Epponis verreiste, einen tag bei Uhland in Tübingen und einen andern bei Schwab in
296 823 931 890 Stuttgart zubrachte und dann über Speyer, Worms, Mainz, Coblenz, Bonn, Cöln und
295 869 946 926 Düsseldorf nach Münster in Westphalen gelangte: eine stunde davon zu Rüschhauss
293 923 948 982 fand ich die ienige, mit welcher ich seit 3 iaren briefe wechselte und wegen welcher ich
301 974 942 1030 eigentlich die reise unternam. am iarestage der leipziger schlacht vermälte ich mich
302 1018 960 1074 mit dieser Jenny Droste zu Hülshoff und trat auch denselben tag meine heimreise an;
308 1063 950 1122 allein das abschiednemen meiner frau bei 17 oder noch mer oheimen, muhmen, vettern
307 1121 965 1184 und basen verzögerte dieselbe ungemein. in Herstelle an der Weser, dessen alte kaiserburg
302 1158 926 1225 eine muhme meiner frau mit einer neuen überbaut hat, ließ ich meine frau und
306 1216 938 1283 gieng über den Solling nach Göttingen. ich traf die lieben freunde Grimm nicht
