1182 1506
516 473 768 526 Basel, den 13 Juny 1834.
240 537 476 600 Sehr verehrter Herr Baron,
196 675 946 763 mit Beschämung, (denn ich weiss nicht womit ich so grosse Güte verdiene) habe ich vor etwa einer
192 742 932 789 Woche Ihren werthen Brief sammt den schoenen Beilagen erhalten. Was mich dabei am
200 779 942 837 meisten freut, ist dass Sie nicht mehr von Hand gicht erzählen und das auch die Gedichte
194 826 786 867 so fest und zierlich geschrieben sind als je. Gott erhalte Sie dabei!
196 858 940 907 Sie lassen über das Register meines Lesebuches einen ganzen Sternenkimmel aufgehen.
192 906 948 950 Es sollen da nämlich die bisher ungedruckten Sachen mit Sternen bezeichnet werden.
196 947 940 998 Besondern Dank muss ich Ihnen noch für die ausführlichen Notizen sagen, mit denen
198 977 954 1030 die einzelnen Auszüge begleitet sind: in der Vorrede soll das alles getreulich nach¬
196 1032 952 1064 erzählt werden. Ausser all dem was ich bereits empfangen laest Ihre grosse Gefälligkeit
202 1069 947 1119 mich noch zwey Gaben hoffen: um die eine legen Sie die Bitte mir in den Mund,
198 1106 873 1150 die andre haben Sie schon verheissen: den heil. Ulrich und Amor die Lieb.
196 1138 974 1198 Machen Sies damit wie schon früher mit dem Ulrich v. L. und mit der Moerin: vertrauen
200 1184 940 1250 Sie der Post und mir, lassen Sie mich selber auswahlen und copieren, und
201 1229 936 1281 Ihr Vertrauen soll nicht gemissbraucht werden: aus jedem nur eine kleine
201 1275 952 1319 Stelle, nicht mehr und nichts weiter. Darf ich mich schon im Voraus freuen?
