1173 1506
276 198 977 274 Meinen herzlichen Dank für die Theilnahme die Sie meinem unglücklichen Freunde
276 258 962 307 beweisen. Leider ist, was auch der Arzt köstliches sagen mag, wenig Hoffnung
280 291 981 353 mehr, seitdem die frühere Tobsucht in Narrheit übergegangen ist, ich kann die
278 336 990 394 Betrübniss nicht verwinden: ich vermisse ihn im Collegium, u. auch daheim fehlt
280 368 1001 440 mir sein Besuch. Ein privatissimum über Walther vdW wobei ich auf ihn besonders
271 417 886 494 gerechnet hätte, ist mir nun ein betrübendes Geschäft. Guter Gott!
317 464 985 513 Seit anderthalb Wochen ist Orelli hier als landschaftlicher Schatzungsexpert
266 495 1012 564 für die Bibliothek; er habe die Wahl angenommen, damit sie auf keinen Dummen
264 538 990 608 und Boeswilligen falle. Er schätzt die Handschriften und alten Drucke, als wollte
264 584 1016 640 er sie einem engl. Lord zum Kauf anbieten. Und doch lautet die Instruction auf
259 606 1021 696 einen solchen Anschlag, dass eine etwanige Versteigerung dreymahl so viel ein¬
256 681 414 739 bringen müsste.
292 691 1025 767 Sie reisen also nach Göttingen. ich hoffe Sie werden mir Gelegenheit geben Ihnen vorher
260 754 1019 800 noch einmahl zu schreiben, damit ich Ihnen Glück zur Reise wünschen und Sie bitten
257 782 1001 839 kann; meine herzlichsten Grüsse und Empfehlungen auszurichten. Fesselte mich
257 822 1018 881 der Druck des Lesebuches (soeben ist der vierte Bogen corrigiert worden) nicht für diesen
249 854 1006 917 Sommer an Basel, so würde mir Ihre Reise beinahe leid thun denn alsdann hätte
253 901 1002 957 ein Ausflug an den Bodensee mich wohl auch an Ihrer Waldklause vorüber geführt.
251 955 924 1006 Nun, ich hoffe den Codex gemmens argentens doch noch einmahl zu sehen.
253 988 993 1037 Die Abbildung der Krone muss durchaus mitgekommen seyn: hier ist sie nicht; sie
253 1035 1010 1085 liegt, glaube ich, zwischen den ersten Blättern des Frauendienstes. Die Paar Batzen
252 1060 979 1124 die der Zeichner dafür empfangen habe ich nicht notiert, weil ich Ihnen mit
253 1092 998 1159 so kleiner Münze nicht beschwerlich fallen mag; auch würde die Post wegen ihrer
253 1141 1006 1201 Procente in Verlegenheit kommen. ich hole sie deshalb am besten einmahl selbst.
300 1170 990 1237 Leben Sie recht wohl. Gott erhalte Sie bei Gesundheit und lasse es jetzt
249 1223 978 1283 immerhin noch fort regnen: dann haben Sie desto schöneres Reisewetter.
612 1254 843 1327 Bleiben Sie geneigt.
696 1309 889 1358 Ihrem ergebensten
827 1346 1028 1408 Wilh. Wackernagel.
