3072 4080
340 144 901 334 Wackernagel
1998 310 2442 491 Basel 2. Nov. 37.
769 882 1564 1007 Sehr verehrter Herr Baron,
739 1233 2163 1349 beiliegende Zusendung aus Göttingen (für mich
744 1422 2206 1583 die angenehmste von all den Hochzeitgaben)
742 1613 2206 1747 schafft mir schon jezt die erwünschte Gelegen¬
750 1783 1996 1917 heit Ihnen einige Zeilen zu schreiben.
757 1964 2144 2081 ich habe Ihnen aber nichts zu schreiben als
748 2168 2263 2300 daß wir unsre vergnügte Hochzeitreise vor andert¬
759 2334 2212 2459 halb Wochen beendigt haben, dass die Tage auf
767 2523 2212 2650 Ihrem Schloße uns die erfreulichsten in der Er¬
786 2699 2219 2841 innerung sind, und dass wir uns Ihnen und Ihrer
776 2875 2193 3030 verehrten Frau Gemahlinn mit den dankbar¬
789 3065 2212 3200 sten Gesinnungen zu fernerem Wohlwollen em¬
774 3232 1037 3368 pfehlen.
767 3402 2257 3577 Sonst nichts neues: ich suche eben so gut es geht
2102 3613 2233 3717 den
