3072 4080
738 911 2267 1089 den nunmehr zweyspännigen Wagen in das alte Gleis
750 1107 2271 1267 der Arbeit und der Berufsgeschäfte einzulenken,
780 1279 2303 1451 und befinde mich ganz wohl und glücklich dabei,
782 1521 1769 1649 und mein geliebtes Weib auch.
776 1695 2355 1817 So wird denn auch am Lesebuche wieder ganz mun¬
788 1861 2395 1991 ter gedruckt; nächster Tage werde ich mit Freuden
801 2085 2321 2223 Ihre Membranen entfalten: noch liegt alles in
790 2275 1891 2406 der Eppishauser Verpackung da.
796 2450 2301 2606 Leben Sie recht wohl; Gott behüte Sie und
786 2636 2337 2778 Ihre Frau Gemahlinn und die lieblichen Kinder,
790 2844 2343 2992 und leite die Wendung die Ihrem Leben noch bevor¬
794 3050 1899 3198 steht Ihnen zu Freude und Segen.
819 3226 2017 3338 Leben Sie wohl. Von ganzem Herzen
1567 3392 2091 3550 Ihr ergebenster
1809 3620 2460 3800 Wilh. Wackernagel Dr.
