1770 2598
287 244 1562 357 Da haben Sie, hochgeehrter Herr Baron, die Nachrichten die Sie verlangt, so
244 339 1564 437 gut ich sie zu geben im Stande bin. Künstlerischen Werth hat die Tafel ei¬
235 442 1535 524 gentlich gar keinen; auch nicht denjenigen den sie wohl haben könnte.
295 499 1564 607 Noch lege ich Ihnen im Auftrage Prof. Lachmanns, der sich Ihnen
234 594 1534 704 auf das angelegentlichste empfehlen lässt; von seinen academischen
235 679 1510 759 Vorlesungen über althochd. Metrik und seiner neuen Recension des
244 759 1524 854 Hildebrandsliedes Exemplare bei. Namentlich die letztere ist mir für
247 826 1240 938 mein Lesebuch noch gar wohl zu statten gekommen.
307 940 1532 1028 So wenig mir Frankreich gefallen will, so habe ich mich ihm doch
240 1021 1519 1116 zu Anfangs dieses Monates noch um einige Häuser ﻿genähert: ich
240 1101 1510 1208 wohne jezt S. Johann No 31. Eine schöne geräumige Wohnung
237 1205 1575 1337 mit stattlicher Aussicht auf Schwarzwald u. Jura und Basel mitten
244 1328 362 1418 inne.
290 1372 1453 1527 ich bitte Gott Sie gesund, zu machen und gesund zu erhalten.
234 1490 1302 1622 Leben Sie recht wohl und bleiben Sie freundlich gewogen
879 1645 1247 1744 Ihrem ergebenen
998 1742 1512 1859 Wilh. Wackernagel Dr.
