1770 2598
242 167 1592 265 Diese Woche endlich erwarte ich die erste Correctur. Wüsste ich nur ob ich mich von
245 229 1610 353 Ihnen noch weiterer gütiger Unterstützung gewärtigen dürfte. ich wage unter
236 321 1573 396 diesen Umständen nicht darum zu bitten; ich wollte nur, ich könnte es.
317 407 1617 511 Übrigens hätte ich Ihnen den Frauendienst schon vor einer Woche zurück¬
240 503 1569 593 senden können; aber ich wollte doch lieber warten bis es mir moeglich wäre,
249 559 1582 691 die gewünschte Abbildung der Krone der Königinn Anna beizulegen, ich habe
240 638 1610 754 sie nun erhalten, angefertigt vom Mahler Neustück, den ich glaube für weitere
235 754 1566 840 Arbeiten der Art empfehlen zu können. Die Masse des Originals stehn
242 810 1603 922 auf einem beiliegenden Zettel. Die Krone ist von Silber, von Silberblech und
235 899 1578 1016 vergoldet. Die Zeichnung ist wenige Stunden vor Verlosung des ganzen
224 1000 1585 1089 Schatzes (44 Nummern) zwischen Stadt und Land aufgenommen worden. Im F. 1827 war er
236 1078 1583 1204 auf 321 Mark 12 Loth Silbers w. 6 M. 1 L. Goldes gewürdigt worden; jetzt
233 1175 1616 1263 auf den Geldwerth von 19-20000 Schw. Fr. wovon nach dem bekannten modus
233 1229 1617 1367 2/5 der Stadt, 3/5. dem Lande zufallen sollten. Ein Privatmann hatte sich
227 1311 1582 1424 erboten 23000 Fr. zu zahlen; aber die wohlberechnete Speculation
227 1395 1596 1553 missglückte, da diesmahl die Landschaft nicht das baare Geld vorzog, sondern
222 1476 1600 1614 auf Theilung in natura bestand. ich muss zu meiner Schande gestehn: ich
227 1562 1619 1700 weiss nicht ob beim Loossen, wie man es wünschte, der Stadt die goldne Altar¬
222 1687 1589 1811 tafel, die grade auf etwa 8000 Fr., ihren Antheil, geschätzt worden, zuge¬
220 1752 1655 1890 fallen ist. Diese von Haiser Heinrich II. gewidmete Tafel ist von Holz, mit Ducaten¬
219 1870 1614 1976 gold überzogen lang 5'5", hoch 3'8". Sie enthält in fünf Nischen oder Feldern, mitten
219 1940 1573 2038 inne Christus, dem zu Füssen Heinrich und Kunigunde knien; ihm zu Seiten
213 2022 600 2098 in den vier übrigen Feldern
215 2022 1637 2157 die Erzengel Mich. Gabr. Raph. und den heil. Benedictus Auf dem obern Rande
215 2105 1607 2218 der Tafel steht gemahlt: + QVIS SICVT HEL FORTIS MEDICVS
213 2185 1650 2305 SOTER BENEDICTVS. Auf den untern: + PROSPICE TERRIGENAS CLEMENS
215 2271 1652 2384 MEDTATOR USIAS. Im J: 1585 ist der Werth dieser Tafel auf 2000 Sonnen¬
213 2352 915 2458 kronen oder 4500 lb geschätzt worden.
