1770 2598
1207 186 1482 304 Basel, 12/5/34.
629 411 1128 522 Hochverehrter Herr Baron
351 899 1448 986 mit Betrübniss habe ich Ihren letzten gütigen Brief gelesen. ich
340 974 1464 1050 wünsche, ich hoffe dass das Uebel wieder gehoben und Hand und
336 1076 1418 1194 Arm genesen sey.  Wie verdriesslich wäre es Ihnen sonst, in
331 1169 1436 1279 dieser wunnerlichen zit des meien, wo Ihr Gau von jeher am
325 1262 1491 1372 schönsten gewesen ist, gar die Stube hüten zu müssen Gott besser!
400 1361 1459 1447 Auch hier habe ich seit voriger Woche den Kummer einen
316 1419 1470 1545 Kranken zu beklagen. Einer von meinen Studenten, gerade mein
299 1509 1526 1607 Liebling, ein frischer liebenswürdiger geistreicher Mensch von seltener
296 1615 1436 1731 Dichtergabe, ist eben jetzt wo er die Theologie aufgeben
313 1711 1513 1848 und sich ganz auf die deutschen Studien legen wollte, in Geistes¬
302 1795 1519 1946 verwirrung verfallen. Ein blühender Bursch von achtzehn Jahren.
290 1909 1482 2027 Das ist aber nicht der erste Fall der Art. Die Baseler Nerven
305 2010 1511 2112 sind so aufs gewöhnliche eingerichtet, dass ein etwas ungewöhn¬
292 2086 1493 2212 licher Geist sie gleich überreizt. Nun liegt der gute Mensch und
319 2216 1027 2302 phantasiert von poetischen Genüssen.
