1770 2598
317 240 1546 354 Der Bericht von Ihrem Unglück gieng mir um so näher, als mir daneben
254 350 1542 464 so reiche und so überaus zierlich geschriebene Auszüge vor Augen lagen.
251 442 1533 523 Eine so mühevolle Freundlichkeit durfte ich nie erwarten: wie soll
253 514 1506 617 ich Ihnen dafür danken. Der Frauendienst erfolgt anbei mit
254 615 1551 702 meinem besten Dank zurück. ich habe das hübsche Abenteuer aus¬
240 714 1537 821 gewählt, wie Ulrich sich in einen Miselsächtigen verkleidet: er erzählt
234 795 1542 909 an dieser Stelle mit am besten, und die ganze Geschichte ist chara¬
234 889 615 987 cteristisch für ihn.
234 970 1526 1088 Ausserdem soll von ungedruckten Sachen, wofern der Raum ausreicht, noch
231 1055 1510 1169 folgendes hinein. Als erstes Stück das ganze vocab: S. Galli. – Aus
231 1149 1513 1259 der sgall. Rhetorik (Zürcher H.S.). Sgall Abhandlung de syllogismis
224 1219 1510 1342 (ib.). Eine Stelle des Boeth. (Zürcher u. Sgall. HSS.) Aus Heinrich v.
227 1297 1533 1452 d. gemeinen lebens (ein Oestreicher vor 1163). Predigt aus einer Zürcher
225 1383 1486 1503 HS. c 1160. Gebet aus einer Hs. zu Muri, etwa gleichzeitig. Predigt¬
222 1484 1535 1605 bruchstücke von hier, grammatisch merkwürdig wie mir noch weniges vor¬
225 1557 1549 1690 gekommen, c. 1200. – Ein Abschnitt aus Tommasins v. Zerclaere welschem
220 1645 1526 1750 Gast. Hoeflichkeitsregeln enthaltend. Lieder aus der Würzb. HS. (freylich
218 1728 1540 1863 halb w: halb schon ediert von Herr vd Wagen). Eben daher und aus Wiener
92 1824 1540 1948 u. Pfälzer HSS. einige Erzählungen u. Fabeln. Aus Wernhers des gartennaeres
218 1908 1447 2033 Meier Helmbrecht (Wiener H.S.). Lieder von Konr. v. Würzburg.
215 1973 1463 2114 Aus der Cosmographie hinter der Martina. Aus Hermanns von
222 2074 1517 2202 Fritzlar Legendenbuch (c. 1340), Pfälzer H. Aus meinem Graubündner
225 2155 1483 2278 Prediger Albr. Kolbe. Ascetien des 14 Jh. von hier und aus Zürich.
298 2244 1492 2372 Sieben weise Meister gedichtet 1412., Baseler HS. Meistergesänge aus
225 2347 444 2439 Pfälzer HSS
