3600 3272
754 262 1378 471 Verehrter Herr Baron,
555 758 3065 1023 der Auftrag Ihnen beifolgendes Päcken zu übersenden verschafft mir die angenehme Gelegenheit,
552 985 1440 1166 Ihnen wieder einmahl zu schreiben
561 1125 2959 1334 Sie werden an dem Buche Ihre doppelte Freude haben: denn ich denke, es muss Sie auch von der
574 1275 1630 1468 weidmännischen Seite angenehm berühren.
574 1409 2999 1615 In Ihrem lezten werthen Briefe meinten Sie, das Universitätsgut würde die Eidgenossenschaft
577 1574 3030 1749 wohl unangetastet lassen. Die Prophezeyung war Freundschaftlich für beide Theile; aber wir erfahren
571 1699 3021 1911 es nun mit Schmerzen daß sie fehlgegangen ist. Man darf in dieser ganzen Angelegenheit immer
571 1864 2940 2058 nur das Boeseste fürchten. Wie meinen Sie dass mir Fremdlinge dabei zu Mutte seyn müsset?
567 2011 2952 2226 Inzwischen sind meine Studenten und ich noch immer gleich eifrig im Lesen und im Hoeren. Davon
555 2135 3002 2316 habe ich auch so viel zu thun, daß ich hier abbrechen muss. Zum Glück hätte ich Ihnen doch für
552 2273 2949 2513 diesmall weiter nichts zu schreiben als die Bitte mir Ihr freundliches Wohlwollen zu erhalten.
2082 2450 2675 2647 In aller Ergebenheit
2391 2712 3021 2934 Wilh. Wackernagel Dr.
