785 1152
144 144 643 213 Orelli hat sich zu guter Lezt doch noch als braven Mann bewährt:
146 197 655 253 indem der vorläufige Anschlag um 40 % reduciert worden, sind als
141 231 660 292 einmuthige Schätzung der beiderseitigen Experten nur 44000 Fr.
144 275 666 314 verblieben, wovon 31000, auf die Bücher, 13000 auf die Münzen
150 313 680 364 kommen. Man hatte 100000 gefürchtet. Von einer Versteigerung kann
153 362 658 405 nun noch weniger die Rede seyn. Ist das nicht honnet von ihm?
150 393 450 437 Von ihm: denn er lenkte die andern.
157 423 668 481 Wissen Sie schon dass man Sie hat ersuchen wollen, die definitive
155 480 666 526 Schätzung der Kunst gegenstände als Oberexpert zu übernehmen?
154 517 672 559 Hatten Sie es gethan, so wäre das, wie ich aus Ihrem Briefe ab¬
155 555 657 606 nehme, wahrlich nicht zum Schaden Basels gewesen; und wie
151 596 681 642 hätte ich mich gefreut, Sie hier begrüssen zu können! Man hat
150 637 650 679 aber in Arau einen Hrn. Keller aus Schafhausen vorgezogen;
151 685 340 741 warum, weiss ich nicht.
150 722 676 777 Sie erbieten Sich, Aushängebogen des Lesebuches mit nach Göttingen
149 766 678 822 nehmen zu wollen. Wenn ich aber jezt schon etwas davon zeigen
153 794 679 847 möchte, So wären Sie, dem das Buch so viel verdankt, gewiss der
149 841 681 888 erste gewesen dem ichs vorgelegt hätte. Aber ich stehe jetzt, mit
151 873 676 929 Sp. 112., erst am Anfange des XII Jh., und nach dem bisherigen
151 920 692 974 laest sich der Character der Sammlung nur ungenügend beurtheilen.
150 955 687 1006 Vor dem Schluss des XII Jh. möchte ich sie keinem vom Fache zeigen.
