785 1152
163 159 687 223 dieser Text wesentlich ab: die Stelle über Meister Egen die jene ent¬
167 204 679 251 hält (Grundriss S. 442) habe ich hier trotz allem Suchen nicht
167 251 688 301 wieder finden können; die mehrfachen Beziehungen auf ihn lau¬
167 295 355 344 ten jedesmahl anders.
170 326 681 381 Auch Herr vd. H. Lebensbeschreibungen sind mir gar willkommen,
171 373 685 428 so sehr ich mich auch theilweise darüber ärgere; z B. wegen des
168 409 674 461 unverschaemten Streichs mit dem Ulrich von Lichtenstein und
171 466 715 513 der gnaedigen Protectormine mit der er meine Arbeit über Nithart
172 507 684 555 bevorwortet. "Mein junger Freund W. W." ich dachte ich wäre
170 538 676 596 jezt über das Alter und die Verhältnisse hinaus, unter denen
170 575 676 616 eine solche Titulatur am Platze ist. Als er die Lieder Nitharts
167 612 682 653 von mir bearbeiten liess, im J: 1826; damals war ich freylich noch
171 651 691 702 jung; aber dies Datum verschweigt er weislich, und ich werde nun
171 683 681 739 bei Gelegenheit jenen ganzen schülerhaften Versuch, den er freylich
171 730 685 792 in seiner Bequemlichkeit ohne weiteres abdrucken laesst, désavou¬
167 783 289 831 iren müssen.
166 809 682 873 Möge sich Hr. Abel um Gottes willen nicht mit ihm einlassen so
171 862 663 910 viel ich weiss, besitzt vd. H. nur von dem kleinern Theile der
174 896 681 943 Pariser Bilder wirkliche Durchzeichnungen; von dem grössern aber
171 935 670 989 bloss die Beschreibungen. Da könnte es ihm freylich ganz er¬
167 966 698 1038 wünscht seyn, mit Jemanden der alle hat sich zu "vereinbaren."
