785 1152
183 132 679 205 Da mirs daran liegt, wo es mit meinem Plane sich verträgt mich
188 196 667 246 an Lachmanns Auswahl anzuschliessen, so werde ich aus dem
192 230 692 287 Freydank dieselben Stellen geben als er und in seinem Text:
191 262 688 324 dann haben Sie auch nicht die erneute Mühe einer Uebersendung
195 307 330 362 Ihres Liedersaales.
193 352 685 402 Gleich am Beginn der Ferien werde ich, namentlich des Taulers
198 389 679 436 wegen, auf einige Tage nach Strassburg wandern, und dann
195 418 677 482 die ganze übrige Zeit der Vollendung des Leschuches widmen.
190 460 680 499 Dann könnte freylich alles was ich noch von Ihrer Güte in
192 498 692 560 Händen habe, nach Eppishausen zurück; aber es ist doch wohl
191 539 676 597 sicherer, wenn ich damit warte, bis Sie heimgekehrt sind.
223 596 702 645 Und nun leben Sie recht wohl, sehr verehrter Herr Baron!
188 625 697 694 Noch einmahl wünsche ich Ihnen von ganzem Herzen alles Glück
184 668 701 709 und alle Freude; ergehe es Ihnen wohl und kehren Sie gesund
181 703 412 754 wieder. Gott behüte Sie!
422 767 637 817 Ihr herzlichst ergebener
494 870 679 931 Wilh. Wackernagel.
