785 1152
114 25 288 108 erhalten am 12 July.
495 80 659 124 Sonntags, 6. Juny 1834.
252 160 448 231 Hochverehrter Herr Baron,
161 317 651 383 am vergangenen Donnerstag habe ich Ihre letze Sendung erhalten,
157 369 657 434 zu meiner grössten Freude, da ich in diesem rückhaltlosen Anver¬
157 423 653 468 trauen einer so prächtigen Abschrift eines gänzlich unbekannten Ge¬
158 463 647 519 dichtes ein besonderes Zeichen der Güte erkennen muss, mit der
161 505 626 557 Sie mir und meinem Unternehmen freundlich geneigt sind.
151 548 630 592 Da können Sie denken, wie mir zu Muthe war, als ich dennoch
158 594 643 659 den ganzen Tag vor andern dringenden Arbeiten nicht dazu ge¬
157 639 643 701 langen konnte, die Handschrift nur einigermassen näher zu
154 691 648 743 betrachten. Um so begieriger machte ich mich Freytags daran
154 725 654 783 und schon am Nachmittag waren beide Gedichte, das eine gelesen,
158 773 647 829 das andre, die Minneburg, zum mindesten durchlaufen. Der
157 809 651 855 Gabriel ist als Nachahmung des Iweins für die Litt. Gesch. von
157 866 656 913 Bedeutung, und ich denke auch solche Stellen auszuheben, die
159 892 658 938 jenes Verhältniss in deutliches Licht setzen, nämlich die beiden
162 934 651 992 Kämpfe mit Walban und mit Iwan. Aus welcher Handschr.
157 973 662 1049 stammt denn die Minneburg? Von der Wienerischen weicht
