740 1176
479 64 603 115 Basel 8/8/33.
227 198 398 256 Hochwohlgeborner Herr,
194 242 445 290 Hochzuvererender Herr Baron!
113 391 610 454 Das traurige Ereignis das ich gleich nach meiner Rückehr hier erlebte,
113 443 612 500 die Unruhe und Verwirrung, in der sich Alles befindet, hat er mir erst
113 487 613 539 jetzt gestattet Ihrem Befehl zu genügen und zur Wiederlangung
112 535 642 587 des bewußten Altarbildes Schritte zu thun. Er steht in der Stadtgerichts¬
112 572 617 634 schreibung wohl aufgehoben da und wird mir, sobald ich es verlange,
109 616 621 685 ausgeliefert werden. Das ist bloss ungewiss, ob vielleicht noch uner¬
113 661 616 727 ledigte Speditionskosten darauf haften: ich soll Sie fragen ob Sie
115 704 610 776 sich erinnern, in welcher Art Sie es hergesendet haben, gleich auf
112 747 620 809 Ihre oder auf der Verstorbenen Kosten? Es kommt ganz auf Ihr
115 788 622 855 Gedächtnis an. Wie befehlen Sie nun, geehrtester Herr Baron,
117 828 624 905 die Übersendung? Doch woll mit einer Frachtfuhre? Zur Post
116 873 632 942 würde es zu theuer seyn. Und ich denke, den grossen Querbalken,
118 919 622 987 den ein Mann kaum erheben kann und auf dem nichts steht als
118 960 621 1034 ein Vers aus den Psalmen, brauche ich nicht mit ein zu packen?
