740 1176
126 132 673 182 Verzeihen Sie mir geneigtest die schlechte Schrift und die Eilfertigkeit dieses
113 183 659 231 Briefes, ich muss zum Appell u. dann wahrscheinlich auf die Wache. Aus dem
108 213 435 267 Studieren wird in diesen Zeiten nicht viel.
118 251 655 298 Darf ich Sie, schon des Altarbildes wegen, um eine recht baldige Antwort
114 297 652 338 bitten. Empfehlen Sie mich Ihren werthen Hausgenossen bestens und
114 334 546 388 erhalten Sie mir Ihr freundliches Wohlwollen, der ich bin,
320 376 561 426 hochzuverehrender Herr Baron
430 597 635 667 Ihr gehorsamst ergebener
423 665 608 710 Wilh. Wackernagel.
