740 1176
124 113 653 188 Wie schön war die Reise, wie schön besonders durch Ihre unverdiente Freundlich¬
97 177 643 230 keit! Aber Trauer und Verdruss und trübe Erwartungen stoeren mir seit
93 206 648 257 jenem unseligen Kriegstage alle Nachfreude der Erinnerung. Morgen wird es
96 249 652 309 entschieden werden, ob Basel eine Belagerung wagt oder sich von den Radicalen
94 287 640 340 Gesetze vorschreiben laest, ob wir eidgenössische Truppen einnehmen oder
99 333 655 399 nicht. Beides ist schlimm, aber das Eine schlimmer, und ich fürchte, man werde
98 379 316 436 gerade dazu sich entschliessen.
129 403 645 464 Von Rapperschwil aus gieng ich, weil das schlechte Wetter anhielt, wieder
101 455 641 513 nach Zürich. Dort fanden sich auf der Wasserkirche noch schöne Sachen vor,
98 495 652 552 z. B. eine Logik u. Rhetorik aus dem Anfange des XI Jh. mit deutschen Bei¬
101 546 643 601 spielen, und auch der Text halb deutsch halb lateinisch. Unter den Bei¬
98 577 651 643 spielen auch deutsche Verse, dieselben die Docen in Archivs Beiträgen Bd VII,
96 639 628 686 aus virgilianischen Glossen zu München bekannt gemacht hat. Besitzen
96 681 637 722 Sie die Beitr. und dürfte ich Sie dann auf einige Tage darum bitten, um
98 701 641 771 diesen und die folgenden Bände? Von Arau aus begab ich mich nach
101 744 627 810 Muri; von da, weil nun endlich das Wetter schön war, und wie schön!
101 785 623 854 auf den Rigi. Da traf ich auch Herrn Pupikofer wieder an.
104 827 636 897 Nach Beromünster kam ich zu spät: Stalder war einige Stunden vorher begraben
105 871 622 927 worden. Auch in S. Urban bin ich gewesen. Die klösterliche Zucht
105 936 341 981 ist da eben nicht gar strenge.
109 957 630 1030 Von Göttingen habe ich traurige Briefe. Dem Br. Grimm ist eine Schwester
107 1017 383 1065 gestorben. Wilhelm ist in Wiesbaden.
