1215 1489
127 123 321 176 5. Dô zôch si ab ir hende
128 162 305 213 ein guldîn vingerlîn.
130 200 315 251 ir ougen weinden heize.
125 231 294 284 dâbî gedenke mîn!
350 122 574 175 6. Adê adê vil lieber man!
347 161 564 212 mîn herzelich var wol.
351 195 567 249 aû ambeschen reit er hin.
352 232 566 283 sîn lîp was kumbers vol.
85 282 394 339 II. 1. Sol ich lachen? sol ich weinen
118 321 386 382 vrouve, zwâr - in weiz es nicht.
125 365 366 405 wîbe minnen, wîbe meinen.
119 394 360 436 dem diz liebe leit geschiht.
126 423 376 478 Zwâre, der enweiz des nicht,
125 455 379 512 sül er lachen sül er weinen
113 503 370 547 2. Michel liebe Michel leide
123 535 353 591 daz ist ein als wârez wort.
129 568 343 613 Wil er einez, habe beide
129 602 364 653 wil er hie, so sê ouch dort.
123 638 354 685 Ez ist ein als wârez wort:
131 675 351 725 michel liebe Michel leide.
123 716 392 775 3. Ich was vrô unt vrîs muotes;
133 756 372 820 nû muoz ich dîn eigen sîn.
131 791 334 844 Eigen lîbes unde guotes
139 828 314 873 herzeliebez vrouwelin.
139 856 374 907 Mac ich je dîn eigen sîn.
133 892 390 949 ich bin vrô unt vries mustes
107 932 412 988 III. 1. Al min leben muoz mir werden,
139 976 416 1018 sît ich, magt, dich hân gesehen.
139 1009 401 1057 Schoenest wîp ob al der erden!
139 1048 406 1096 heiles vil muoz ich mir jehen
143 1081 362 1129 Nahtegal sô suoze sanc
183 1119 397 1165 schône lûhte rôsebluome:
138 1148 360 1207 deist ein saelec aneganc.
137 1204 421 1258 2. Sol ich, vrouwe, dir versmâhen
135 1244 396 1303 so hât glücke mich getragen,
139 1276 378 1331 Sol ich iestunt dir unnâhen
141 1313 399 1378 sô hât mîr mîn sin gelogen. -
435 282 646 336 sô bin ich der vroude vrî
467 321 684 380 sinc dû mir ein süezer maere
435 368 630 405 nahtegal am rôsenzwî!
441 397 670 453 3. Nahtegal, daz singen dîne
443 438 680 478 hât mich nû gevangen gar.
439 464 648 517 Rôse, süeziu rôse mîne,
439 504 674 545 wan dîn einer nim ich war.
445 536 680 576 Wol mich wol der herzenôt!-
473 560 712 604 vrouwe lâ mich bî dit bliben;
439 600 664 650 âne dich sô bin ich tôt.
429 634 638 693 IV. 1. Lieber vogel guoter
445 679 724 731 heb dich ûf unde vliuc von dan
493 716 678 762 Über walt und ouwen
443 752 702 801 hin zuo der vrouwen wolgetân
449 789 644 836 sô stât an der Zinnen
447 824 604 872 liep mîn magedîn.
451 856 640 907 wartend al mit sinnen
447 890 628 937 an die strâzen mîn.
431 925 642 984 2. So vâlt dîn gevidere.
449 971 708 1016 deich dir je müeze holder sîn!
485 1002 679 1052 Zwo der reinen megede
447 1042 692 1092 wis dû der liebe bote mîn.
448 1081 638 1134 Unde wirp den maere
453 1121 615 1166 sit ich selb enmac.
451 1153 646 1203 daz ist mir vil swaere
455 1188 633 1230 und ein leider tac.
499 1212 694 1278 3. Sinc du mîner vrouwen
457 1262 714 1324 mit sinnen also süez ein sanc.
499 1298 717 1348 Nâch ir stât mit trûren
458 1327 733 1398 mîn herz und aller mîn gedanc.
727 123 903 185 "Abent unt den morgen
747 173 901 211 hât er dîn gedâht;
742 194 930 259 al die naht mit sorgen
743 246 924 285 hât er sus verbrâht."
733 288 1042 334 V. 1. Ist dir mîn staetez singen swaere.
742 327 988 382 vil liebin reiniu vrouwe zart
742 368 1030 420 so sprich zuo mir ein liebez maere;
739 399 1030 449 und ist in liep mîn mit gekart.
743 432 1044 477 So schaff ich, daz min zunge dage:
743 464 1051 521 in weiz ouch danne, waz ich klage.
749 502 1050 553 2. Ez singent nahtegaln als lange
745 540 1000 577 unz daz in leit volendet ist
745 569 1046 608 Und swîgent mêre mit ir sange
743 595 1024 645 ir leit daz birt ir süezen list.
749 631 1019 681 Ine sanc nie nahtegalen sanc;
746 670 1054 722 doch was ez leit, dâ von ich sanc.Und swîgent mêre mit ir sange
755 708 1105 762 3. Sich, vrouw, ist der mîn liet unmaere,
747 745 1064 801 dun wendest liet, dun wendest leit,
745 782 1019 830 Den site hânt et sene daere:
742 819 1014 870 ir kumber ist nie ungekleit
747 859 1034 908 Du guote, meine dû ouch mich
747 887 1058 936 son sing ich, wan ich küsse dich.
734 937 1069 979 VI. 1. Dem swanen bin ich wol gelîch:
743 968 1012 1020 der singet, sô er sterben sol.
743 1001 1017 1061 Mîn leben ist so kumberlich:
745 1041 1020 1091 ich zellez zuo dem tôde wol.
747 1075 1054 1135 Zer werlde bin ich gar ein zage:
751 1110 1110 1160 ich leb unt stirb iedoch von Tage zu tage.
753 1153 1090 1198 2. Ein wîp, diu liebet mir den tôt.
747 1183 1088 1232 ein wîp, diu leidet mir min leben.
751 1218 1058 1276 E was ich stump; wan disiu nôt,
753 1255 1030 1315 diu hât mir sanges vil gegeben.
753 1294 1054 1344 sus lâz ich singend al min wê
755 1329 1034 1387 adê du toetaerim adê adê!
