1224 1501
342 210 633 274 3. Waz hilfet mich mîns liedes klage?
335 257 601 319 dui guote wil sîn nicht verstân:
343 296 634 352 Sin hoeret niht, swie vil ich sage,
342 339 646 388 noch troestet, wie si troesten kann
342 372 628 420 Wan sterbest vroude Kranker lîp!
348 410 709 467 der mort ist dîn: nu klag et statez wîp!
202 519 1049 580 Doch ich habe Sie schon lange genug gelangweilt um meinen Brief hier schliessen. Ich wünsche mir
204 566 1053 632 nichts mehr, als Sie auf Eppishausen besuchen zu können. Leben Sie wohl und erhalten Sie auch ferner
212 614 422 672 Ihr Wohlwollen Ihrem
726 664 919 729 Wilhelm Wackernagel.
201 668 344 716 Berlin. 14/12/27.
