1224 1450
323 234 440 293 Herr Baron!
269 345 1068 442 Von Ihrer Güte erbitte ich dafür Verzeihung, dass ich erst jetzt, Mitte Decembers, auf Ihren
276 435 1056 509 Brief vom May antworte und herzlich für die mitgesandten Geschenke danke. Es gleich
276 488 1045 560 damals zu thun, war mir bei der Freude über Ihre gütige Aufmerksamkeit für mich un¬
279 531 1046 595 möglich, ich konnte keine Worte finden. Dann kamen allerhand verdriessliche Geschäfte, die
281 590 1070 643 mir die Lust an Allem raubten. Ich wollte nach Polen gehn für länger, vielleicht für immer;
285 622 1052 678 zum Glück ward nichts daraus. Mehrere codices hatte ich auch ab zu schreiben. Ich konnte
280 678 1070 754 kaum zu mir selbst kommen. Jetzt endlich, um mich nicht länger zu schaemen, benutze ich
289 742 1060 799 H. Prof. Lachmanns Güte und schreibe Ihnen - eben wie herzlich ich Ihnen danke, wie sehr
285 770 1064 828 Sie mich erfreut haben. Ich hoffe, Sie haben durch Froehlich oder A. L. Follen noch einige
289 810 1047 892 andre halbe und ganze Bogen erhalten. Gern hätte ich Ihnen auch noch zwey groessere,
281 879 1081 948 wenn gleich an sich kleine Bücher von mir geschickt, wenn mich nicht die Unsicherheit der Buch¬
281 918 1085 997 händler und die Kostspieligkeit des Postweges abgeschreckt hätten. Zuerst unter dem Titel, "Spiri¬
287 984 1067 1037 talia theotisca" eine Sammlung von Predigtbruchstücken des 12-15 Jhdts (Bresslau, Grass);
271 1011 1078 1077 dann eine Ausgabe des Wessobrunner Gebetes u. der Wessobr: Glossen (gegen Massmann), Berlin,
287 1067 1086 1145 Schmidtsche Buchhdlg. Statt dessen lassen Sie mich Ihnen einige mhd. Lieder, selbst gemachte,
285 1134 863 1181 abschreiben; es wäre mir lieb, hätten Sie sie nicht ungern gelesen.
110 1163 385 1213 I. 1. „Neumuoz, ich von dir scheiden.
121 1209 281 1278 owê der herzenôt!
127 1271 359 1322 und sol ich lange verre sîn
123 1300 334 1366 in sorgen lig ich tôt.
412 1162 631 1212 2. Si want ir wîzen hende.
409 1215 597 1269 neinâ vil lieber man!
399 1258 600 1308 owê mich wê der leide,
400 1290 620 1342 und wellest mich nu lân.
676 1159 892 1210 3. "Ich bin dir ie getrieuwe,
661 1220 869 1277 in meine niuwan dich
659 1264 855 1318 vil herzeliebin vrouwe.
661 1288 871 1340 ne tuoz ouch umbe mich!
912 1161 1128 1213 4. Nun welle got von himele
901 1218 1110 1277 deich breche mînen eit!
894 1250 1127 1318 nâch küssen weinden beidin:
901 1286 1101 1340 ir scheiden was in leit.
