1136 1429
365 59 597 114 erhalten am 20 März abendes.
354 100 739 164 beantwortet und die bücher gesendet am 21.
822 77 961 130 Basel 16/3/34.
343 221 552 286 Hochgeehrter Herr Baron,
237 442 901 476 hoffentlich treffen diese Zeilen Sie in der besten Gesundheit und mir so geneigt, daß ich Ihnen
241 470 741 517 mit meinem Brief und meiner Bitte nicht gar zu beschwerlich falle.
233 501 939 549 ich bin im Begriff, ein altdeutsches Lesebus für den academischen und höhren Schuluntericht
237 543 915 580 drucken zu laßen, in der hiesigen Schweighäuserischen (Wielandischen) Buchhandlung. Mit
237 572 941 606 dem April sollen die Pressen sich schon rühren. Leider fehlen mir aber für die mittelhochd.
233 607 902 638 Litteratur einige Bücher, die ich mit Schmerzen vermisse, ungern nicht benutzen würde.
236 631 933 679 Es ist der dritte Band der Müllerischen Sammlung (des Trojener Krieges wegen), Wernherrs Maria
237 669 916 722 von Hoter, und Ihr Liederaal. Aus welchen Schätzen und von wessen Güte kann ich da
237 714 923 760 Unterstützung erwarten, wenn sie nicht, hochverehrter Herr Baron, meiner Sich annehmen?
239 739 923 781 Wollen Sie also die Gewogenheit haben, mir auf ganz kurze Zeit, nur damit ich schnell
239 772 940 811 Abschrift nehmen kann, jene Bücher lieder anzuvertrauen? Wofern sie nicht gar (ich wage
238 810 932 856 die Bitte, da Sie nicht ganz und gar eigennützig ist) die hiesige untheilbare Bibliothek
237 855 941 905 mit einem bleibenden Exemplar des Liedersaales schmücken wollen. Hr. Prof. Gerlach hat mich
233 881 565 932 ermuntert, diess Gesuch an Sie zu stellen.
233 910 949 967 Darf ich Verzeihung und gütigst baldige Gewährung hoffen? Sie würden damit meine Verbind¬
237 963 927 1001 lichkeit wo möglich noch vermehren, und gebe mir sicherlich alle Mühe, Ihnen das Buch zu
235 981 988 1037 Danke zu machen: es sollen viele und hübsche Sachen drin stehn, auch manches bisher ungedruckte.
256 1020 968 1058 Der Fuchs Reinhart hat doch den weg gefunden? Mit dem Buche ist der litterarischen Forschung
235 1066 637 1104 eine neue Bahn gebrochen, und gleich bis zum Ziel.
261 1084 920 1142 Noch einmahl empfehle ich mich und meine Bitte Ihrem geneigten Wohlwollen und bin
627 1122 919 1177 in voller Hochachtung und Ergebenheit.
747 1225 937 1286 Wilh. Wackernagel Dr.
795 1281 907 1336 S. Johan 40.
108 1194 403 1223 Befindet sich in Epponis villa, vielleicht
112 1220 403 1259 auch eine Moerin, eine mitteilbare?
