<?xml version="1.0" encoding="UTF-8" standalone="yes"?>
<PcGts xmlns="http://schema.primaresearch.org/PAGE/gts/pagecontent/2013-07-15" xmlns:xsi="http://www.w3.org/2001/XMLSchema-instance" xsi:schemaLocation="http://schema.primaresearch.org/PAGE/gts/pagecontent/2013-07-15 http://schema.primaresearch.org/PAGE/gts/pagecontent/2013-07-15/pagecontent.xsd">
    <Metadata>
        <Creator>prov=READ-COOP:name=TrHtr:version=2.19.0:model_id=51170:date=24_10_2024_17:58</Creator>
        <Created>2024-10-20T21:30:21.279+02:00</Created>
        <LastChange>2024-12-16T16:42:34.728+01:00</LastChange>
        <TranskribusMetadata docId="4726755" pageId="80680358" pageNr="2" tsid="212835721" status="FINAL" userId="19940" imgUrl="https://files.transkribus.eu/Get?id=OHLHFVBRLHVLIRQYXRKLQBGH&amp;fileType=view" xmlUrl="https://files.transkribus.eu/Get?id=ATCILNRPRJXXIOXFTFQMWCVJ" imageId="66117721"/>
    </Metadata>
    <Page imageFilename="PA 82a B 9_Seite_122.jpg" imageWidth="1296" imageHeight="1636">
        <ReadingOrder>
            <OrderedGroup id="ro_1741200686272" caption="Regions reading order">
                <RegionRefIndexed index="0" regionRef="tr_1"/>
            </OrderedGroup>
        </ReadingOrder>
        <TextRegion orientation="0.0" id="tr_1" custom="readingOrder {index:0;}">
            <Coords points="322,311 322,1095 1226,1095 1226,311"/>
            <TextLine id="tr_1_tl_1" custom="readingOrder {index:0;}">
                <Coords points="316,361 656,397 708,368 1177,369 1176,342 993,306 760,345 654,303 460,330 315,309"/>
                <Baseline points="322,336 364,340 407,345 450,351 493,355 536,358 579,361 622,360 665,363 708,364 751,364 793,364 836,362 879,362 922,362 965,363 1008,366 1051,366 1094,367 1137,370 1180,368"/>
                <TextEquiv>
                    <Unicode>wischet das messer, womit er sie geschaelet hat, an seinem schenkel ab, und der schenkel wird von</Unicode>
                </TextEquiv>
            </TextLine>
            <TextLine id="tr_1_tl_2" custom="readingOrder {index:1;}">
                <Coords points="316,415 595,451 1000,422 1215,445 1215,404 1108,390 491,409 316,370"/>
                <Baseline points="322,408 366,411 411,416 456,419 501,422 546,424 590,426 635,426 680,424 725,424 770,424 814,421 859,420 904,418 949,418 994,418 1038,420 1083,420 1128,420 1173,420 1218,422"/>
                <TextEquiv>
                    <Unicode>dem daran geschmirten safte schwanger, nach neun monaten koemmt ein mädchen heraus, und</Unicode>
                </TextEquiv>
            </TextLine>
            <TextLine id="tr_1_tl_3" custom="readingOrder {index:2;}">
                <Coords points="325,482 1113,474 1113,447 916,425 326,444"/>
                <Baseline points="332,466 371,467 410,469 449,472 488,472 528,473 567,472 606,474 645,472 684,472 724,472 763,471 802,470 841,470 880,468 920,467 959,468 998,466 1037,466 1076,466 1116,466"/>
                <TextEquiv>
                    <Unicode>dies ist Anna, die mutter Mariae, der mutter des Heilandes. etc. etc. etc.</Unicode>
                </TextEquiv>
            </TextLine>
            <TextLine id="tr_1_tl_4" custom="readingOrder {index:3;}">
                <Coords points="344,548 1039,548 1197,524 1199,473 483,519 345,493"/>
                <Baseline points="350,528 392,532 435,533 477,532 520,533 562,532 605,530 647,530 690,530 732,529 775,528 817,526 860,524 902,522 945,521 987,518 1030,517 1072,516 1115,514 1157,511 1200,510"/>
                <TextEquiv>
                    <Unicode>Sollten Sie einmal zeit finden mich wieder mit einem par zeilen zu erfreuen; so bitte ich</Unicode>
                </TextEquiv>
            </TextLine>
            <TextLine id="tr_1_tl_5" custom="readingOrder {index:4;}">
                <Coords points="339,621 1191,597 1200,544 850,537 465,582 342,553"/>
                <Baseline points="346,592 388,594 431,594 474,594 516,592 559,591 602,590 644,588 687,586 730,585 773,580 815,578 858,577 901,574 943,574 986,572 1029,571 1071,570 1114,568 1157,565 1200,564"/>
                <TextEquiv>
                    <Unicode>mir auch zu sagen, was Ire nachbaren, unsere lieben freunde, Herr Burkhardt-Iselin</Unicode>
                </TextEquiv>
            </TextLine>
            <TextLine id="tr_1_tl_6" custom="readingOrder {index:5;}">
                <Coords points="335,675 725,655 755,683 796,657 1180,645 1181,594 337,628"/>
                <Baseline points="342,654 384,654 426,652 468,650 510,648 552,644 594,644 636,642 678,642 720,641 762,638 804,635 846,634 888,634 930,632 972,632 1014,630 1056,628 1098,626 1140,626 1182,624"/>
                <TextEquiv>
                    <Unicode>und seine liehe frau machen? schon so lange hoeren wir nichts mer von inen, und ich</Unicode>
                </TextEquiv>
            </TextLine>
            <TextLine id="tr_1_tl_7" custom="readingOrder {index:6;}">
                <Coords points="343,738 1085,712 1224,696 1226,657 345,676"/>
                <Baseline points="350,708 393,708 437,709 481,706 525,705 569,704 612,705 656,706 700,703 744,700 788,699 831,696 875,695 919,694 963,692 1007,689 1050,688 1094,686 1138,684 1182,685 1226,688"/>
                <TextEquiv>
                    <Unicode>fürchte, die boese Morbona möchte in dem hause der guten uns so werten leute eingekeret sein.</Unicode>
                </TextEquiv>
            </TextLine>
            <TextLine id="tr_1_tl_8" custom="readingOrder {index:7;}">
                <Coords points="345,795 1200,769 1200,730 1106,704 1027,737 348,739"/>
                <Baseline points="352,772 394,774 437,773 479,772 522,770 565,769 607,768 650,767 692,762 735,762 778,762 820,760 863,758 905,756 948,754 991,752 1033,749 1076,748 1118,746 1161,746 1204,746"/>
                <TextEquiv>
                    <Unicode>und dann bitte ich nicht darauf zu vergessen, und mir auch die vor- und nach-rede</Unicode>
                </TextEquiv>
            </TextLine>
            <TextLine id="tr_1_tl_9" custom="readingOrder {index:8;}">
                <Coords points="345,857 1117,838 1200,817 1201,769 1056,799 346,796"/>
                <Baseline points="352,832 394,832 437,832 479,832 522,832 564,832 607,830 649,829 692,828 734,827 777,826 819,826 862,826 904,822 947,821 989,820 1032,819 1074,817 1117,816 1159,816 1202,814"/>
                <TextEquiv>
                    <Unicode>zur 2ten ausgabe ires Lesebuchs zu senden. vVir alle grüßen Sie und die frau Professorin</Unicode>
                </TextEquiv>
            </TextLine>
            <TextLine id="tr_1_tl_10" custom="readingOrder {index:9;}">
                <Coords points="344,907 968,885 969,830 926,824 810,863 548,850 442,879 345,869"/>
                <Baseline points="352,892 382,894 413,894 444,894 475,894 506,894 537,894 568,892 599,890 630,889 661,888 691,888 722,887 753,886 784,886 815,886 846,884 877,882 908,880 939,880 970,878"/>
                <TextEquiv>
                    <Unicode>auf das herzlichste. Leben Sie wol! Gott befolen! von</Unicode>
                </TextEquiv>
            </TextLine>
            <TextLine id="tr_1_tl_11" custom="readingOrder {index:10;}">
                <Coords points="682,990 712,990 724,1004 741,1010 747,1006 755,1015 769,1005 785,1011 801,1002 803,933 783,944 768,934 758,940 749,930 734,941 716,935 702,941 683,940"/>
                <Baseline points="688,980 717,982 746,980 775,978 804,978"/>
                <TextEquiv>
                    <Unicode>Irem</Unicode>
                </TextEquiv>
            </TextLine>
            <TextLine id="tr_1_tl_12" custom="readingOrder {index:11;}">
                <Coords points="900,1108 991,1104 1038,1126 1036,1033 1000,1027 974,1054 919,1033 899,1034"/>
                <Baseline points="906,1082 932,1080 959,1082 986,1082 1013,1082 1040,1082"/>
                <TextEquiv>
                    <Unicode>JvLaßberg.</Unicode>
                </TextEquiv>
            </TextLine>
            <TextEquiv>
                <Unicode>wischet das messer, womit er sie geschaelet hat, an seinem schenkel ab, und der schenkel wird von&#13;
dem daran geschmirten safte schwanger, nach neun monaten koemmt ein mädchen heraus, und&#13;
dies ist Anna, die mutter Mariae, der mutter des Heilandes. etc. etc. etc.&#13;
Sollten Sie einmal zeit finden mich wieder mit einem par zeilen zu erfreuen; so bitte ich&#13;
mir auch zu sagen, was Ire nachbaren, unsere lieben freunde, Herr Burkhardt-Iselin&#13;
und seine liehe frau machen? schon so lange hoeren wir nichts mer von inen, und ich&#13;
fürchte, die boese Morbona möchte in dem hause der guten uns so werten leute eingekeret sein.&#13;
und dann bitte ich nicht darauf zu vergessen, und mir auch die vor- und nach-rede&#13;
zur 2ten ausgabe ires Lesebuchs zu senden. vVir alle grüßen Sie und die frau Professorin&#13;
auf das herzlichste. Leben Sie wol! Gott befolen! von&#13;
Irem&#13;
JvLaßberg.</Unicode>
            </TextEquiv>
        </TextRegion>
    </Page>
</PcGts>
