1296 1636
392 201 972 290 Auf der alten Meersburg am Bodensee den 7 April. 1842.
152 282 425 392 Vererter Herr und Freund!
84 391 993 511 So eben bringt mir ein verwandter meiner frau, in einem briefe von Maßmann, beikommenden
99 477 990 569 einschluß an Sie, den ich nicht absenden kann, one einen gruß beizufügen. mögen Sie mit
115 542 1000 649 weib und kind recht wol sein! so wol als wir alle auf der alten Dagobertsburg uns befinden.
112 604 1033 703 one zweifel schreibt Inen Maßmann von dem Grimmischen funde, aus einem Merseburger Missale,
110 643 1016 754 der mir doch nicht so ungeheuer wichtig erscheint, als man ausgeposaunet hat. ich habe gestern
117 712 969 813 aus Würzburg einen codex erhalten, der einst dem prediger kloster zu Bamberg gehoert. darinne
117 767 1018 865 stehen, von zerschiedenen händen und aus zerschiedenen zeiten, allerlei gute sachen, des XI. XII. u.
120 828 1001 918 XIV. Jarhunderts, das beste sind wol 4 stücke zur Theotisca gehörig auf 12 blättern: ein glaubens¬
125 864 1033 972 bekenntniß, eine beichte, beschreibung des himmels, beschreibung der hoelle. die teutschen
127 917 1000 1022 sachen sind aus den ersten Decennien des XII. Jarhunderts; aber man will 500 gulden dafür haben,
135 979 1006 1083 und das scheint mir doch zuviel für das was es ist. ich werde den codex nicht kaufen; aber
131 1021 950 1127 für eine Bibliotheke, die nichts altteutsches besizt, wäre es eine schäzbare erwerbung.
133 1082 1013 1176 Ich habe diesen winter merere handschriften erworben, aber nichts ser altes. darunter ein
128 1138 993 1220 franzoesches gedieht vom leben Mariae, das die sonderbarsten verirrungen des menschlichen
140 1217 998 1280 geistes und proben der ausschweifendsten phantasie mit den gröbsten historischen felern
149 1247 1022 1340 vereiniget. z. B. eine tochter Abrahams gehet in den garten, riecht an einer blume und wird
154 1331 1016 1414 davon schwanger, sie gebaeret einen son, der Phanuel genennt wird. dieser isset aepfel,
