1276 1624
214 326 606 403 Wolgeborner, Hochzuvererender Herr Professor!
216 438 1023 492 Ich hatte eben gen meinen nachbar den vicarius Gemper, der mich manchmal sonntags zu tische besucht,
226 485 1038 541 mein bedauren ausgesprochen, daß nicht Sie, statt Ettmüllers, nach Zürich gekommen sind, als man
227 528 1039 572 mir Iren brief und geschenk vom 27 dieses brachte. welch ein erfreuliches zusammentreffen der gedanken!
222 563 1025 593 vor allem nun will ich inen meinen herzlichen dank sagen, sowol für Ire antritts rede, als den lieben
232 585 1004 619 brief in dem Sie mir die schöne hofnung geben, Sie bald in meiner waldklause zu sehen.
230 617 1014 648 Sie können denken, daß ich, sobald die pfeife nach tische angezündet war, sogleich Ir büchlein in die
232 638 1054 674 hände nam und bis zu ende las. es gefiel mir wol, über die maßen wol, daß Sie, ein nordischer
243 671 1056 709 mann, den Schweizern wieder in erinnerung bringen, was sie leider nur zu lange schon vergessen haben,
311 703 1060 743 m fache unserer guten alten sprache und des gesanges einst geleistet und noch wieder leisten
310 719 1059 777 : es erfreute mich, daß in manchen punkten der ältern literargeschichte dieses landes
307 748 1055 798 ten und vermutungen mit den meinigen zusammen trafen, auch da, wo ich gewiß war, daß
307 779 1055 813 ten, war es mir lieb neue ideen kennen zu lernen. mich däucht, es sei ein gutes wort, zur
312 810 1033 846 it gesprochen, und ich legte das heft mit zufriedenheit hin; aber doch auch, verzeihen
310 842 1038 877 schwäbischen freimütigkeit, zum teile mit einem unangenemen und selbst schmerzlichen
308 882 1047 912 unangenem war mir, daß und wie Sie mich gleich auf der ersten seite genannt haben. das
312 901 1029 936 onstrari war nie meine sache, es war mir sogar von ieher widerlich; denn ich sezte von
314 930 1066 966 meinen stolz darein mich von aller eitelkeit los zu machen. lob macht alle leute schlecht, auch
234 963 1076 984 die besten! nun ist aber Ir lob zu groß, es ist nicht einmal bescheiden; weil es mich voran den schwei
240 981 1071 1023 zerischen gelerten stellt. ich muß Inen nur sagen, daß ich mich selbst nichit einmal für einen gelerten halte;
236 1016 1042 1047 wie hätte es mich also freuen können? ich weiß recht gut: quod a laudatis laudari viris, haec
228 1047 884 1072 demum laus est; aber dann lese ich es lieber in einem briefe, als gedrukt.
222 1071 1050 1108 Die angeborne aufrichtigkeit, welche mich stets beherrscht hat, zwingt mich Inen auch noch zu sagen
228 1102 1060 1133 wie Ire rede schmerzlich auf mich gewirkt hat, und sie hat es doppelt durch die zwei lezten zeilen
222 1125 1073 1161 der ersten seite. einmal: weil Sie einen den Schweizern noch ganz fremden mann, einen mann, über
227 1153 1048 1194 den eine günstige meinung vorhanden sein mußte, weil die Zürcher in an ire schule beriefen, durch
222 1179 1066 1225 ein troziges hinwerfen des handschuhes, herab gesezt haben; und dann, weil Sie sich durch diesen aufruf
212 1216 1071 1257 selbst schaden getan haben. "In bürgerlicher Zwietracht ist kein Heil für die Literatur!" - Sie sehen, ich halte
214 1243 1052 1281 Inen Ire eignen worte entgegen: wo bleibt der glaube und die liebe, welche die poesie vor allem will?
218 1272 1052 1312 Es war gewiß ein arger mißgriff von dem guten Aurelius Cicero in Zürich den herrn Ettmüller auf diese
