1276 1636
323 435 1162 497 kanzel zu rufen: er konnte auch nur bei halben kenntnissen in der Alt Teutschen literatur, durch die specimina,
316 480 1149 525 welche Ettmüller schon von sich gegeben, belert werden, daß bei diesem manne eine gleiche summe von
314 511 1173 564 wissen und nicht-wissen, durch gänzlichen abgang an beurteilungs kraft paralysirt, in zum lerer untüchtig
317 550 1159 597 macht; aber, er ist nun einmal da; warum den vorwurf, den die teutschen gelerten schon vorlängst
320 579 1162 619 hatten, daß sie kriegslustig seien, auch in die Schweiz übertragen? weder die ältere alma Basileiensis,
318 609 1173 663 noch die kaum geborne Tigurina können ia etwas dabei gewinnen. will ein lerer den andern überwinden,
320 633 1169 684 so sei es durch leren! und nun basta! verzeihen Sie einem alten manne ein unverlangtes wort; oder,
319 668 1112 715 wie ich hoffe eine nicht unwillkommene lere, ich kann noch immer iene schöne zeit nicht vergessen:
546 689 799 730 ... da wir nach ere rungen,
540 703 891 766 da rieten die alten und taten die iungen
318 743 936 786 und nun lassen Sie mich noch einmal meine Freude darüber äußern, da
318 782 936 818 mir kommen wollen! auch muß es bald geschehen; sonst treffen Sie mich
316 800 941 840 ich denke bis mitte oder bald nach mitte dieses monats eine reise den R
312 840 936 862 weit es gehen wird, weiß ich selbst noch nicht; fortima viam expedirt.
320 864 925 900 zweimal ein eilwagen nach Constanz und macht den weg in 23 stunden,
314 892 917 926 Schafhausen das dampfboot an, das in 3 stunden den Rhein herauffärt.
318 917 935 950 stunden. wüßte ich den Tag Irer ankunft; so würde ich Inen meinen w
306 947 1140 982 Sie also und kommen Sie bald, es würde mir ser leide tun, wenn ich schon abgereißt wäre. bis
314 975 687 1020 zum 16-18 July will ich auf Sie warten.
328 977 1163 1039 Noch eins. vor zwei iaren sagte mir ein herr Banga aus Basel, daß er bei dem buchhändler Neukirch
314 1028 1174 1076 daselbst eine papier handschrift gesehen habe, in folio und von mer als 500 blättern, welche nichts als alte
318 1072 1176 1098 teutsche lieder enthalte. nach seiner aussage wünschte Neukirch das urteil eines gelerten darüber zu vernemen,
323 1088 1179 1124 um sich darnach zu entschließen, ob er sie heraus geben soll? wozu er wol einige lust bezeigte. alles, was
320 1119 1178 1154 ich herrn Banga /: der iezt in Neapel ist :/ über den fraglichen codex abfragen konnte, ließ mich vermuten, daß
320 1154 1151 1191 es wol der verloren geglaubte Colmarer lieder codex seie, den ich einmal in meiner iugend bei dem alten
324 1173 1189 1218 blinden Pfeffel sahe. erkundigen Sie sich doch, Sie werden bald wissen was daran und ob die sache des
318 1208 1132 1251 schweißes der edlen wert ist? und hiemit, in froher erwartung Sie bald mündlich zu grüßen, gott befolen!
814 1237 1102 1283 von Irem ergebensten JvLaßberg.
330 1258 657 1314 Eppishausen bei Constanz am 30 Brachmonats.
583 1297 641 1339 1833
345 1338 1123 1406 Was würden Sie dazu sagen, wenn der minnesänger: Düring, bei Bodmer II. 19. ein Basler wäre?
