1296 1636
362 246 955 356 Ich erhalte eben einen brief von herrn ober tribunal procurator Abel aus Stuttgart,
366 323 976 389 nebst einem an in geschriebenen von herrn Professor von der Hagen. Abel hatte in Paris
368 375 974 447 die bilder aus dem sogenannten Manessischen Codex abgezeichnet und ist wirk¬
368 415 958 484 lich daran sie in colorirtem steindruke zu geben, 18 stüke sind
367 458 976 531 schon fertig; dies erfur nun herr von der Hagen und schreibt iezt an Abel:
377 504 981 578 er wünscht mit ime rüksichtlich derbilder eine vereinbarung zu treffen;
380 546 972 623 indem er gesinnt seie dieselben ebenfalls, mit einem texte heraus zu¬
378 593 973 660 geben, welcher ein auszug aus den dichterleben sein würde. meint H.
368 625 972 695 von der Hagen im ernste, Abel werde eine schon angefangene edition
367 670 972 731 im zu liebe /: den er gar nicht kennet; sonst würde ers noch weniger tun :/ auf
376 707 961 782 geben; so ist er warlich ein einfältiger mann; verstehet er aber unter
375 751 976 806 der vereinbarung der bilder, dass sie sich ausschliessend mit seiner werten
373 806 980 859 person vereinbaren sollen; so ist er vollends nicht klug.
366 836 978 904 Abel hat mir nun die sache zur entscheidung heimgestellt, was mir gerade nicht
371 882 968 945 viel freude macht; denn auf einer seite wünsche ich schon lange daß
370 913 970 987 die fraglichen bilder einmal zusammen herauskommen möchten; auf der an¬
373 961 976 1041 dern seite ist herr von der Hagen gar nicht der mann dazu die archaeologische
366 1009 956 1081 seite dieser aufgabe zu lösen. ich denke sonst wol durchaus: wenn das
387 1049 948 1110 gute nur geschiehet, gleich viel durch wen; aber ich fürchte hier
380 1103 963 1168 ist von ime wol nichts gutes zu erwarten. In den dichterleben
382 1138 979 1198 schien mir unzweifelhaft, dass die anmerkungen zum Ulrich von Lichten
378 1173 978 1246 stein von einem Österreicher /: Kopitar :/ oder steiermärker /: Kalchberg :/
375 1214 990 1274 herkommen müssen. Die so stark divergierenden taxationen der Basler kunst¬
370 1247 987 1307 sammelung habe ich in der zeitung gelesen. soweit sie mir, obschon flüchtig, in
375 1294 992 1331 inzerschiedenen malen bekannt wurde, scheint mir dass der Basler taxator dieselbe
375 1328 990 1366 näher an einen kaufwert gestellt habe als der Zürcher Fuessly. es ist eben so ver¬
