1296 1636
555 230 842 340 Eppishaus am 27. Juny 1834.
308 293 620 393 Hochzuvererender Herr Professor!
293 382 871 474 Mit Freude habe ich gestern abend gelesen, daß meine lezte Sendung
304 425 851 519 Inen so willkommen war, und beeile mich hiebei auch die beiden
304 473 889 569 weitern sachen zu senden, i. e. die leben der dichter von vin der Hagen,
305 513 850 613 und der gabriel v. Montavel, welchem auch noch aus meiner
301 566 895 677 eigenen Handschrift, ein apographum, der Minneburg durch meister
309 618 867 712 Egen von Bamberg, beigebunden ist; vielleicht können sie auch aus
308 666 861 756 diesem gedichte etwas brauchen; recht gerne hätte ich nun noch
318 722 892 803 meres geschickt; aber ich fürchtete, es möchte sie zulezt ermüden,
283 760 899 872 wenn ich all zu starke sendungen mache. Wenn Sie die geistl. Artzney
295 812 885 911 und die Faßtnanchtskrapfen gefälligst wollten abschreiben lassen; so wäre es
297 854 879 962 mir lieb die gesandten abschriften wieder zurück zu erhalten; denn ich
302 900 895 1022 komme iezt nur mer mit mühe und anstrengung daran, etwas zum
292 951 572 1030 zweiten mal abzuschreiben.
293 996 894 1092 Ich hoffe in drei wochen wieder von meiner reise nach Niederdeutschland
306 1045 865 1133 zurückzukommen und meine weinlese selbst zu halten; in 14 tagen
311 1086 852 1167 denke ich abzugehen; wenn Sie mir also einige grobebogen von
309 1115 877 1215 Irem Lesebuch mit geben wollen, um sie in Göttingen abzugeben; so
308 1160 868 1256 bitte ich sie nicht zu versiegeln, damit post- und maut- beamte
311 1211 630 1271 sich nicht darein zu mischen haben.
