1296 1636
269 218 892 336 ächtlich, als gemein boshaft, wie man die Basler an einem langsamen feuer
286 309 890 388 bratet. W. Grimms Frydanck ist noch nicht ausgegeben; Müllers ab
290 354 889 427 druk aus einer schönen Handschrift ist strozend von felern; in den
293 390 895 483 drei ersten bänden des Liedcrsaales stehet mer als die hälfte von Fry
301 440 911 525 gedank, meine handschrift ist Yon 1312, gehört also zu den ältesten
299 473 906 562 codices des Freidanks; soll ich Inen den Liedersaal senden? Sie werden
297 514 783 602 ia doch nur einzelnes in Ir lesebuch aufnehmen.
292 555 909 667 Ich erwarte vor meiner abreise noch einen brief Yon Inen, vielleicht
304 615 890 730 auch einen nach Göttingen; man findet so leicht ein par stunden
302 644 757 757 bei früherm aufstehen oder späterem niederliegen.
325 699 757 822 Leben Sie wol! Ich wags, mit got!
622 798 687 850 Ir
673 844 800 901 ergebenster
673 892 832 989 JvLaßberg.
311 998 883 1088 Wenn die Bibliotheke verkauft wird; so kauffen Sie mir
321 1061 885 1124 ia: daz buoch von Sante Martinen einer magede niagede die ainlif
322 1105 895 1178 marter litt. ich gebe von 20 bis 30 Louis d'ors dafür,
334 1146 886 1224 das buch sollte wieder nach Schwaben, wo es zu hause ist,
334 1180 880 1273 auf der insel Mayenau wurde es gedichtet und zu Constanz
339 1238 799 1311 wurde es geschrieben durch Conrad von S. Gallen.
