1296 1636
395 338 960 403 Die Göttinger ... , wie ich es voraus sahe, und wie
394 388 978 452 ... gewiß auch ... teil daran namen,
407 442 965 497 und also auch ... ire massregeln danach namen. Wilhelm
413 489 968 547 Grimm mit weih und kind ist zwar noch in Göttingen, wird aber
402 530 947 589 dort so lange bleiben, bis Jacob inen allen irgendwo ein neues
413 584 960 636 nest gemacht hat. Ich hoffe auf Heidelberg, denn in der Schweiz
409 623 969 677 wird wol nichts zu machen sein: die brüder werden sich auch
417 668 974 738 wol nie trennen. Jacob war eben mit herausgabe einiger latein
416 703 949 774 ischer gedichte des X und XI Jarhunderts beschäftiget, wozu ich im auch
416 750 956 822 collationen und abschriften lieferte. nun ist der druk unterbrochen
406 802 957 865 und kann wol sobald nicht wieder aufgenommen werden. ich
409 846 944 907 habe auf meinen lezten brief an Jacob noch keine antwort, vermute
409 890 958 949 in aber in Heidelberg. das übrige wissen Sie aus den zeitungen, die über
408 939 791 993 diese angelegenheit ser umständlich sind.
402 986 982 1038 Einer meiner freunde wünschte sich das glossarium des Du Fresne du Cange
408 1038 949 1095 anzuschaffen; ich solle Sie daher um schleunigen bericht ersuchen:
400 1083 969 1133 ob in Basel im buchladen noch exemplare und zu welchem preise
400 1127 961 1181 zu haben sind. Sie verbinden mich durch baldige auskunft.
400 1179 956 1230 Uhland schrieb mir kürzlich, dass nun auch sein freund Gustav Schwab
393 1232 973 1286 in seine nachbarschaft, als pfarrer nach Gomaringen /:2 kleine stunden
