1296 1636
244 269 274 319 2
493 290 747 340 Eppishausen am 9. Januar 1838.
305 356 552 416 Vererter Herr Professor!
272 471 831 536 Ir wertes schreiben kann ich heute nicht vollständig und ausfürlich
296 530 839 602 beantworten; das neue iar hat mir solch einen schwall von kleinen
293 584 838 653 unverschieblichen geschäften hergeschwemmt, dass ich nicht weiss, wo ich
305 636 832 700 anfangen oder enden soll. Indessen gebe ich Inen in betreff der unter
296 692 841 765 handlung mit Beyel et Comp. zu überlegen: ob es nicht zeitgemässer
302 740 845 806 und selbst für den verleger vorteilhafter wäre, statt des Weingartner
305 789 847 861 Codex zuerst den Frauendienst, oder den Wilhelm von Orlenz, den ich
310 834 857 912 eben unter der feder habe, herauszugeben? verstehet sich dabei, dass ich
310 873 861 958 immer eine anzal exemplare für meinen Liedersaal, um einen zu
316 926 870 1018 bestimmenden preis erhielte, was nebst dem auch nicht so viele unkosten
320 974 836 1064 verursachen würde, da zum Weingarter codex 26 lithographien
320 1028 770 1105 gehören, von denen ich auch nicht eine erlassen könnte.
322 1069 876 1153 Ich gebe Inen dieses zu bedenken, und werde Inen später ausfürlicher
325 1114 844 1193 darüber schreiben. vom frauendienst, der für Oesterreich ein
324 1173 873 1245 eigenes interesse hat, würden wenigstens 100 exemplare nach Wien,
327 1215 843 1294 Prag und Brünn gehen und, wie ich glaube, selbst auch nach Ungarn
319 1276 616 1342 und Siebenbürgen.
