1296 1636
302 352 866 405 von Tübingen:/ gezogen sei, nachbarschaft zusamen zu leben.
306 401 884 467 Uhland hatte wieder fleissig in Theotiscis gearbeitet, muss
312 449 847 513 nun aber gegen ende dieses monats zum landschaftlichen ausschuss nach
312 504 801 570 Stuttgart, wegen beratung des neuen criminalgesezbuches, wo sein
326 560 784 621 aufenthalt ziemlich lange dauern wird. Wir leben hier alle
314 604 857 670 gesund und vergnügt und haben mit herzlicher teilnahme
332 660 880 726 den guten anfang und fortgang Ires frölichen beisamen
325 704 841 770 seins gelesen; das soll Inen der liebe gott recht viele iare erhalten.
338 756 613 817 Dies, mit den besten grüssen von uns allen, der neuiarswunsch
625 745 679 795 ires
663 777 884 834 ergebenen JvLaßberg.
